3536 5208
839 403 1083 467 -le-

380 581 487 643 tuenda
514 600 578 642 esse
606 581 742 642 videntur
768 573 920 664 δεύτερον
945 577 1035 664 (δέ),
1059 574 1344 664 ὄταν“συγχέωμεν
1365 581 1424 664 την
1445 579 1539 653 τάξιν

379 683 443 748 τόν
457 679 650 763 γεγονότων,
674 679 715 757 ἀς
738 683 779 745 τὰ
799 681 860 765 μὲν
882 684 997 766 πρῶτα
1016 681 1186 746 τελευταῖα
1202 685 1301 760 εἶναι,
1324 683 1365 747 τὰ
1380 682 1417 746 δὲ
1431 683 1538 748 τελευι

378 797 458 850 ταϊα
480 786 722 868 προτετάχθαι·
743 781 932 868 οἰκονομίας
955 785 992 850 δὲ
1013 785 1049 848 τό
1071 787 1224 851 τοιοῦτον
1245 784 1405 860 πολλάκις
1427 785 1538 867 ἀπέχει

378 892 508 972 χρείαν,
545 885 907 974 δυσπαρακολούθητον
944 889 982 952 δὲ
1018 883 1106 972 ’ὅμως
1136 889 1192 951 καὶ
1210 886 1334 973 ,ἀσαφῆ
1361 887 1539 971 τὸνλόγον

379 1003 487 1055 ποιεῖ·
519 991 575 1056 καὶ
601 993 667 1056 τῶν
689 987 795 1055 αὐτόν
815 987 977 1064 πολλάκις
1004 993 1210 1074 μεμνῆσθαι·
1244 988 1371 1075 μακρόν
1391 991 1452 1075 γάρ
1475 991 1539 1055 κτὲ.

379 1117 453 1177 quae
482 1097 569 1158 verba
598 1097 634 1158 ab
662 1098 853 1177 epitomatore
875 1102 1029 1174 propterea
1053 1105 1164 1158 mutata
1186 1117 1251 1158 esse
1273 1097 1432 1170 sumimus,
1462 1098 1539 1176 quod

378 1199 555 1262 infinitivum
583 1200 774 1281 μεμνῆσθαι
797 1218 813 1259 e
834 1197 975 1277 particula
998 1193 1040 1270 τίς
1067 1199 1212 1279 pendere¹
1235 1219 1295 1262 non
1323 1200 1537 1262 intellenisset.²

379 1304 475 1366 verbis
507 1311 621 1376 autem,
653 1321 728 1381 quae
761 1301 936 1381 epitomator
966 1301 997 1362 in
1027 1302 1124 1364 locum
1158 1304 1353 1382 genuinorum
1388 1303 1540 1365 substituit

378 1406 402 1467 Ε
419 1408 457 1467 17
471 1437 483 1478 ι
499 1415 593 1468 ποιεί
607 1403 645 1466 δὲ
660 1399 824 1487 ἀσάφειαν
839 1401 946 1466 καὶτὸ
962 1405 1025 1466 τόν
1040 1395 1147 1468 adroic>
1161 1402 1321 1479 πολλάκις
1336 1406 1539 1490 μεμνῆσθαι,

379 1510 420 1570 nt
446 1509 581 1570 facillime
608 1508 640 1568 in
666 1526 796 1568 errorem
824 1507 958 1586 perducti
981 1517 1065 1580 sunt,
1093 1517 1127 1569 ut
1148 1509 1278 1589 quinque
1300 1519 1453 1591 praecepta
1476 1530 1539 1572 esse

379 1612 435 1673 rati
450 1611 564 1673 traditis
579 1611 711 1672 numeris
725 1611 1015 1693 τρίτον-τέταρτον
1030 1622 1196 1674 correctura
1213 1633 1287 1693 opus
1302 1633 1366 1675 esse
1378 1623 1539 1676 censerent.

463 1715 497 1775 ln
519 1713 670 1794 Epitomes
700 1714 735 1775 de
762 1713 939 1775 obscuritate
961 1733 997 1774 en
1019 1715 1182 1776 elocutione
1204 1717 1354 1778 efficienda
1376 1717 1540 1798 praeceptis

380 1821 416 1894 §d
431 1815 566 1880 85-87
593 1825 708 1896 praeter
735 1817 868 1879 lacunam
899 1817 1084 1910 librariorum
1112 1819 1197 1898 culpa
1219 1829 1311 1881 ortam
1335 1820 1358 1880 E
1376 1819 1441 1889 181
1463 1839 1540 1882 unus

379 1921 461 1982 locus
494 1919 628 1994 ostendit,
663 1938 750 1999 quem
782 1920 861 1982 baud
893 1921 956 1981 sine
986 1920 1187 2001 epitomatoris
1214 1941 1300 2002 opera
1328 1925 1484 1986 confusum
1511 1933 1541 1985 et

380 2023 584 2104 perturbatum
612 2042 676 2084 esse
701 2023 872 2085 iudicemus.
920 2030 988 2103 post
1016 2023 1266 2085 enumerationem
1294 2026 1372 2087 enim
1401 2036 1541 2107 quattuor

383 2145 523 2206 generum
545 2126 753 2188 vocabulorum
777 2126 983 2188 obscuritatem
1007 2125 1197 2188 efficientium
1220 2128 1463 2206 legiturE171⁵
1485 2129 1540 2192 καὶ

382 2223 478 2308 (ὅταν
498 2251 548 2300 τις
570 2227 690 2310 χρῷτο)
717 2229 756 2318 τῇ
779 2230 935 2291 συνθέσει
957 2223 1115 2314 μηάπλῇ
1137 2225 1192 2291 καὶ
1215 2229 1298 2292 κατά
1319 2224 1433 2315 φάσιν,
1458 2229 1541 2295 ἀλλὰ

383 2329 435 2392 δι’
457 2327 650 2412 ὑπερβατόν
672 2329 729 2392 καὶ
751 2329 873 2412 μήκους
895 2329 1061 2412 περιόδων
1083 2333 1139 2392 καὶ
1162 2327 1367 2416 ἀλληγορίας.
1404 2344 1434 2398 et
1448 2337 1541 2416 parti-

380 2434 489 2515 cipium
517 2435 735 2518 τεταραγμένῃ
766 2435 811 2496 vel
838 2434 933 2495 simile
955 2434 1150 2510 desideratur,
1187 2456 1246 2515 quo
1269 2438 1393 2516 genetivi
1415 2459 1431 2500 e
1453 2459 1540 2520 prae-

381 2537 527 2619 positione
547 2535 606 2598 διά
624 2539 786 2618 pendentes
807 2557 875 2600 oum
891 2538 1009 2600 nornine
1025 2540 1183 2601 συνθέσει
1199 2540 1423 2620 coniungantur,
1446 2563 1541 2624 neque

383 2641 460 2721 quod
485 2638 644 2714 σύνθεσις
666 2639 717 2703 δι’
740 2637 936 2723 ἀλληγορίας
958 2641 1041 2704 adlici
1069 2643 1188 2718 dicitur,
1215 2653 1313 2724 potest
1335 2646 1460 2708 tolerari.
1506 2648 1540 2708 ad

380 2744 491 2806 nodum
520 2744 730 2824 expediendum
755 2744 927 2806 adiuvamur
949 2745 1120 2808 Geometrae
1141 2747 1205 2809 loco
1228 2748 1408 2821 W112265
1429 2771 1540 2828 παρα-

381 2846 564 2930 φυλακτέον
590 2846 645 2908 καὶ
672 2843 709 2910 τό
737 2847 837 2930 μῆκος
862 2847 927 2910 τάν
954 2844 1121 2929 περιόδων
1143 2853 1199 2912 καὶ
1220 2845 1261 2913 τά
1284 2853 1463 2935 αἰνίγματα
1485 2852 1541 2914 καὶ

380 2949 437 3012 τόν
463 2959 594 3034 γρῖφον.
638 2949 724 3012 verba
752 2951 931 3032 αἰνίγματα
961 2960 991 3012 et
1018 2960 1138 3034 γρῖφον
1164 2973 1179 3014 a
1203 2955 1356 3017 Geometra
1377 2975 1430 3036 pro
1452 2957 1540 3018 verbo

381 3047 576 3134 ἀλληγορίας
608 3053 702 3134 posita
735 3074 799 3117 esse
826 3075 842 3116 e
874 3055 938 3116 loco
961 3053 995 3113 W
1018 3055 1044 3114 ll
1070 3055 1131 3115 222
1147 3086 1172 3128 at
1194 3058 1321 3137 adparet.
1364 3059 1431 3120 inde
1463 3061 1541 3139 quod

381 3157 535 3218 Geometra
550 3175 610 3217 non
632 3154 904 3240 παραφυλακτέυν
926 3154 982 3218 καὶ
1003 3151 1066 3240 την
1088 3155 1247 3221 σύνθεσιν
1269 3158 1328 3222 διά
1348 3162 1406 3224 τοῦ
1420 3161 1541 3245 μήκους

381 3259 446 3322 τῶν
472 3255 639 3341 περιόδων
666 3259 721 3321 καί
749 3260 813 3323 τῶν
843 3255 1045 3342 αἰνιγμάτων
1074 3260 1129 3324 καί
1151 3261 1215 3323 τῶν
1237 3265 1365 3345 γρίφων
1386 3285 1541 3348 τεταραγ-

382 3363 483 3443 μένην
514 3362 646 3442 scripsit,
681 3363 844 3443 colligimus
875 3365 906 3425 in
934 3365 1056 3427 Cornuti
1082 3364 1151 3428 Arte
1177 3383 1237 3427 non
1263 3368 1380 3429 easdem
1407 3368 1539 3450 ineptias

383 3483 457 3544 quae
483 3465 514 3525 in
535 3464 670 3545 Epitoma
696 3467 900 3542 inveniuntur,
929 3469 1058 3532 extitisse
1086 3469 1134 3529 sed
1163 3468 1204 3529 ibi
1236 3478 1265 3531 et
1295 3469 1332 3533 τδ
1354 3472 1455 3554 μῆκος
1477 3471 1541 3535 τόν

381 3564 548 3650 περιόδων
580 3578 610 3630 et
641 3567 700 3652 τὴν
729 3565 928 3652 ἀλληγορίαν
960 3572 991 3632 in
1024 3589 1179 3632 numerum
1214 3591 1312 3634 rerum
1346 3575 1539 3636 elocutionem

381 3671 601 3733 obscurantium
616 3672 705 3733 relata
718 3691 791 3734 esse.
817 3673 930 3736 duobus
944 3674 1033 3753 igitur
1044 3673 1192 3755 Epitomes
1207 3678 1367 3756 praeceptis
1384 3682 1421 3753 §§
1434 3678 1483 3750 86,
1500 3679 1539 3741 87

382 3782 476 3836 ποιεί
502 3771 539 3836 δὲ
565 3773 620 3835 καὶ
647 3770 891 3856 όνοματοπσιία
921 3771 1105 3860 ἀσάφειαν,
1141 3774 1183 3851 τός
1215 3776 1251 3840 τό
1285 3775 1403 3854 κτὲ..,
1436 3779 1492 3854 καὶ
1521 3778 1541 3864 ἤ

384 3873 576 3960 (ὁμωνυμία
603 3871 678 3940 uad.
695 3873 723 3960 .>
758 3880 816 3942 duo
850 3879 955 3940 similia
988 3881 1178 3943 antecessisse
1212 3883 1390 3944 sumendum
1423 3892 1468 3945 est
1500 3884 1540 3944 ita

381 3984 441 4041 lere
463 3981 642 4042 restituenda
668 3991 763 4043 ποιεῖ
784 3980 821 4043 δὲ
843 3980 899 4044 καὶ
921 3979 957 4045 τό
980 3983 1081 4066 μῆκος
1101 3984 1164 4046 τῶν
1186 3979 1352 4065 περιόδων
1374 3981 1541 4067 ἀσάφειαν

382 4079 424 4156 ὥς
440 4127 470 4143 ..
489 4128 510 4157 .,
533 4081 588 4143 καὶ
610 4079 630 4166 η“ι
653 4079 831 4168 ἀλληγορία
854 4082 917 4160 ιός.
937 4132 943 4146 .
961 4133 993 4146 ..
1031 4086 1215 4150 coniecturae
1237 4107 1271 4150 eo
1287 4089 1358 4152 fides
1375 4089 1538 4169 adrogatur,

449 4269 504 4320 1ln
526 4285 564 4333 eo,
592 4273 656 4336 quod
678 4271 745 4322 inter
767 4271 909 4323 infinitivos
932 4287 964 4322 ex
988 4273 1073 4324 cedern
1096 4274 1221 4339 particule
1243 4271 1279 4332 κός
1304 4276 1440 4341 pendentes
1461 4245 1540 4338 'verbe¹

383 4338 1194 4472 ⁰²²⁰t⁰tl⁰²tuttttlltltntlttltlttttttt
1208 4343 1258 4464 La.
1278 4343 1298 4394 Ε
1316 4344 1348 4392 ²⁵
1361 4359 1443 4408 ”ll
1536 4376 1539 4382 ’
