3538 5212
710 460 747 468 -.
795 420 926 484 39..

234 590 284 683 ή..
310 594 379 655 194.
406 593 488 678 (τιῦν
511 593 567 677 δὲ)
597 595 787 680 κεφαλαίων
814 595 855 658 τά
883 597 943 679 μὲν
971 593 1073 672 ἀπλᾶ,
1106 594 1165 683 (ἀ)
1191 600 1279 660 καθ’
1303 595 1403 662 ἑαυτὰ

233 694 252 773 ή
276 695 563 780 κατασκευάσομεν
586 695 605 782 ἢ
628 695 906 783 ἀνασκεοάσομεν,
930 700 970 763 τὰ
992 700 1030 764 δὲ
1052 699 1170 776 διπλᾶ,
1195 698 1237 774 οῖς
1260 699 1319 763 ἐπὶ
1340 703 1404 766 cdv

233 795 504 884 ἀντεγκλημάτων
526 801 580 863 καί
603 802 669 864 τιῦν
691 798 983 887 ἀμφισβητήσεων,
1013 803 1048 866 ἐν
1070 801 1119 877 οίς
1142 805 1405 889 παρεκτενοῦμεν

233 902 290 966 τὸν
322 899 421 980 λόγον
453 903 494 965 τά
527 903 587 986 μὲν
620 901 759 988 ήμέτερα
792 903 957 981 αὔξοντες,
992 905 1033 968 τὰ
1067 903 1102 969 δὲ
1134 908 1199 970 τιῦν
1225 903 1404 972 ἀντιδίκων

197 1016 214 1068 5
232 1005 410 1088 μειοῦντες.
455 1005 509 1068 διό
534 1006 589 1068 καί
612 1006 669 1070 τόν
692 1005 857 1072 Πλάτωνά
871 1031 956 1082 τινες
971 1011 1171 1092 μέμφονται,
1193 1003 1244 1071 ὅτι
1261 1007 1403 1074 διπλοῦν

237 1106 373 1192 ζήτημα,
396 1109 433 1172 τό
458 1109 615 1191 περὶτοῦ
638 1109 768 1193 ἔρωτος,
792 1107 1096 1196 μεταχειριζόμενος
1124 1113 1171 1193 (iu
1194 1113 1342 1195 Phaedro)
1366 1112 1404 1176 τὸ

234 1215 343 1294 ἕτερον
365 1209 602 1295 ἀνεξέργαστον
624 1210 858 1277 ἀπολέλοιπεν.

320 1315 389 1376 196.
427 1315 494 1398 Τήν
523 1313 560 1378 δὲ
587 1317 651 1379 τῶν
679 1320 825 1380 πίστεων
859 1315 1032 1399 ἑρμηνείαν
1065 1314 1140 1380 οὔτε
1173 1313 1280 1402 ἀφελῆ
1314 1321 1401 1384 εἶναι

274 1417 327 1479 δεῖ
350 1414 507 1499 καθάπερ
529 1416 564 1481 ἒν
586 1419 624 1507 τῇ
648 1417 811 1502 διηγήσει,
843 1416 917 1483 οῦτε
945 1412 1184 1504 ἀνηπλωμένην
1209 1419 1277 1504 [καὶ
1300 1438 1401 1506 σπερ-

181 1531 214 1584 10
274 1515 422 1601 ματικιῦςΙ
451 1518 591 1600 ἔχουσαν
620 1520 662 1583 τά
695 1521 900 1605 πράγματα],
933 1519 1093 1585 ἀλλὰκαὶ
1118 1520 1402 1610 σονεστραμμένην
1433 1607 1437 1613 .

273 1624 328 1684 καὶ
368 1620 441 1686 οἷον
478 1624 587 1687 εἰπεῖν
623 1625 795 1707 κωνοειδῆ,
834 1625 888 1686 καί
926 1625 962 1688 τό
1000 1622 1138 1688 σῦνολον
1172 1623 1401 1712 ἀγωνιστικήν.

276 1727 345 1788 197.
370 1723 578 1808 ἁρμόζεσθαι
601 1725 638 1789 δὲ
661 1726 714 1789 δεῖ
731 1726 825 1811 (καὶ)
843 1727 882 1816 τῇ
896 1723 1070 1811 ὑποκρίσει
1092 1728 1150 1792 τόν
1164 1728 1301 1808 λέγοντα
1317 1729 1401 1814 πρός

275 1828 311 1892 τό
336 1831 445 1913 σχήμα
467 1831 524 1892 τοῦ
547 1827 654 1907 λόγον.

321 1933 473 1995 Τοσαῦτα
489 1933 543 1995 καὶ
561 1934 637 2016 περὶ
661 1936 816 1996 πίστεων.
864 1931 1000 2017 (ἐφεξῆς
1014 1937 1125 1998 τοίνυν
1140 1935 1219 2018 περὶ
1236 1932 1401 2014 ἕπιλόγων

181 2047 213 2101 15
232 2032 312 2118 ήμίν
335 2033 530 2120 εἰρήσεται.)

159 2153 212 2210 453
319 2140 387 2202 198.
415 2134 587 2216 Ἐπίλογός
610 2136 711 2213 ἐστιν,
736 2134 779 2212 οῖς
801 2138 861 2220 μὲν
877 2139 1033 2222 Νεοκλῆς,
1057 2135 1154 2218 λόγος
1169 2138 1227 2202 ἐπὶ
1244 2162 1399 2224 προειρη-

229 2245 343 2324 μέναις
373 2237 586 2314 ἀποδείξεσιν
616 2239 866 2324 ἐπιλεγόμενος,
897 2235 1101 2326 πραγμάτων
1128 2238 1322 2326 ἀθροισμόν
1344 2244 1400 2306 καὶ

297 2382 313 2447 ς
334 2382 380 2432 ros
399 2381 442 2432 nn
460 2381 544 2433 Nicol.
563 2382 597 2449 sp
609 2381 642 2432 ur
659 2383 708 2432 nso
721 2397 746 2434 ιι
782 2381 816 2449 §a
837 2383 892 2448 ιοε,
912 2381 1401 2438 tooaRMarcoll.w1V422n-oo

298 2553 310 2602 1
330 2541 354 2618 ή.
377 2548 502 2615 (τῶνδὲ)
521 2551 679 2616 κεφαλαίων
695 2544 727 2598 rol
741 2545 809 2616 wilj:
828 2543 846 2620 ή
862 2543 1020 2617 κεφάλαιον.
1044 2546 1108 2599 τὰΡ
1161 2549 1176 2598 3
1197 2551 1402 2615 παρεκτείνουσι

228 2615 278 2685 μὲν
293 2618 309 2667 Ρ
327 2620 541 2688 παρεκτείνομεν
557 2619 600 2668 vel
619 2619 837 2686 παρεκτενοῡμεν
848 2617 881 2684 Sp
933 2619 949 2668 4
967 2620 1023 2672 τοῖς
1039 2615 1090 2685 μὲν
1106 2612 1277 2687 ήμετέροιςΡ
1294 2614 1333 2681 πή
1350 2615 1402 2684 μὲν

229 2683 346 2754 ήμέτερα
363 2688 420 2750 Sag,
444 2682 551 2752 τάημῖν
567 2682 682 2755 ἡμέτερα
699 2686 733 2751 Sp
786 2687 801 2736 6
815 2679 1025 2756 χαριζόμενοςΡ
1042 2679 1292 2756 χωριζόμενοςὸος,
1320 2701 1400 2752 μετα-

229 2749 444 2874 ίῖῦῖλῦήῖῖά
484 2754 1012 2891 1l⁴altlatlltttttl⁸llstlta
1019 2753 1199 2889 ῖλλήλιῖλιῖ
1216 2761 1300 2872 llll.
1314 2756 1403 2805 nam

299 2989 383 3054 §194
399 2987 432 3040 τὸ
451 2986 562 3060 ἕτερον
582 2988 698 3040 Platonis
716 2989 906 3055 vituperatores
929 2990 958 3038 ad
983 2989 1008 3038 id
1033 2995 1161 3054 spectasse
1183 2995 1307 3054 putamus,
1335 2989 1400 3054 quod

232 3059 351 3109 Socrates
374 3059 400 3108 in
422 3059 505 3110 altera
529 3059 643 3109 oratione
667 3075 689 3124 p.
704 3057 779 3107 tuas
802 3057 1032 3120 argumentationes
1055 3055 1149 3124 Lysiae
1172 3065 1198 3106 et
1220 3071 1280 3106 suae
1304 3057 1400 3123 prioris

233 3127 357 3177 orationis
377 3143 424 3176 nou
443 3126 573 3178 refutavit.
610 3142 754 3192 quamquam
773 3127 796 3176 si
813 3127 870 3192 quis
887 3127 950 3176 hanc
962 3125 1073 3191 priorem
1086 3125 1226 3175 oratione·
1239 3125 1318 3190 ipsam
1331 3125 1400 3176 vitu-

231 3203 344 3260 paratam
362 3210 418 3246 esse
437 3197 576 3257 existimet,
595 3196 624 3244 dc
642 3211 691 3260 qua
702 3193 832 3244 Phaedrus
850 3195 912 3244 dicit
924 3211 947 3260 p.
962 3195 1036 3244 2411)
1054 3197 1142 3244 καίτοι
1159 3187 1236 3260 ήίμην
1251 3209 1282 3260 γε
1298 3193 1401 3262 μεσοῦν

231 3254 321 3329 αὐτόν,
348 3265 394 3313 καὶ
419 3263 489 3330 ἐρεῖν
515 3259 549 3314 τά
572 3265 617 3314 ἴσα
639 3264 705 3330 περὶ
727 3261 775 3313 τοῦ
797 3263 835 3330 μή
858 3261 979 3330 έριῦντος,
1005 3257 1040 3319 αῖς
1060 3260 1102 3313 δεῖ
1122 3261 1216 3328 ἐκείνῳ
1233 3261 1400 3328 χαρίζεσθαι

229 3331 340 3398 μᾶλλον,
358 3333 464 3399 λέγονθ’
477 3327 528 3383 ὅσα
542 3323 575 3382 αὖ
587 3331 642 3398 ἔχει
653 3323 757 3398 ἀγαθοί,
775 3331 799 3381 ei
813 3347 860 3380 non
875 3331 1040 3396 refragemus.
1069 3329 1102 3394 ἐξ
1117 3333 1172 3392 196,
1189 3332 1236 3382 19ί
1248 3331 1399 3380 Alexandri.

231 3398 247 3466 ξ
261 3400 307 3450 196
321 3402 405 3463 [καί.
420 3437 425 3450 .
439 3437 446 3450 .
458 3397 655 3469 πράγματα]
674 3399 690 3465 ξ
703 3401 735 3450 36
748 3401 903 3466 prooemium
917 3399 1107 3471 σπερματικῶς
1118 3398 1189 3465 ἔχειν
1201 3396 1233 3448 τό
1249 3391 1400 3468 πράγματα

230 3469 344 3520 uebatur.
380 3469 491 3519 elocutio
509 3485 551 3519 res
569 3469 640 3534 quasi
658 3470 787 3535 inspersas
805 3469 897 3518 habere
917 3469 968 3519 dici
981 3485 1027 3518 non
1041 3475 1150 3551 potarat.
1185 3475 1268 3517 tamen
1282 3467 1336 3532 ετξ
1351 3467 1398 3518 196

230 3545 257 3587 et
273 3537 288 3602 ξ
302 3537 351 3586 240
370 3538 537 3588 stultissimus
554 3539 627 3587 homo
645 3538 717 3596 λέξιν
736 3537 925 3606 σπερματικῶς
941 3535 973 3587 τὰ
992 3553 1140 3608 πραγματα
1157 3533 1276 3603 ἔχουσαν
1288 3536 1397 3586 invenit.

230 3605 364 3671 utrobique
378 3605 515 3656 Alexandri
527 3613 661 3671 praccepta
674 3607 704 3656 ab
717 3607 753 3655 liis
767 3605 946 3655 additamentis
959 3607 1087 3672 purganda
1100 3612 1166 3654 snut.
1185 3613 1298 3655 ceterum
1310 3601 1344 3668 ἓξ
1357 3604 1398 3662 36,

230 3675 279 3724 ata
305 3675 409 3725 collatis
436 3674 547 3740 suspicio
575 3674 646 3723 nobis
673 3675 766 3724 incidit
789 3673 1093 3740 interpolatorom§196
1117 3673 1251 3739 participio
1275 3668 1399 3736 ἀνητιλω-

227 3745 313 3809 μένην
335 3745 459 3808 prooemii
478 3743 646 3793 elocutionem
665 3742 804 3806 significari
822 3742 961 3806 putavisse.
997 3750 1024 3792 at
1041 3735 1238 3809 ἀνηπλωμένην
1255 3741 1272 3790 i.
1292 3755 1312 3789 e.
1334 3741 1399 3790 dila-

228 3819 305 3861 tatam
319 3815 417 3878 pariter
428 3820 503 3878 atque
515 3805 602 3878 ἀφελῆ
614 3812 771 3861 narrationis
784 3811 939 3860 elocutionis
952 3811 1081 3877 epitheton
1092 3825 1149 3860 csse
1158 3810 1247 3876 liquet.
1267 3807 1298 3858 cf.
1310 3809 1397 3874 Apsin.

229 3880 262 3946 Sp
275 3879 284 3929 l
303 3881 352 3930 348
364 3897 390 3934 ao
402 3877 432 3930 τὸ
445 3871 595 3948 κεφάλαιον
606 3875 635 3929 τὸ
647 3880 758 3946 πρῶτον
767 3877 965 3935 καταστατικιῦς
977 3871 1116 3945 εἰσάγεται
1127 3880 1264 3929 τουτέστιν
1275 3871 1399 3940 ἀνηττλω-

227 3950 317 4016 μένας
327 3951 372 3999 καὶ
384 3945 599 4016 ἀφηγηματικοῖς.
633 3948 663 3996 ib.
677 3947 726 3997 353
739 3964 764 4000 ιι
777 3943 791 3997 ὁ
803 3945 855 4014 μὲν
866 3950 976 4002 Λυσίας
986 3943 1054 3997 κατὰ
1067 3940 1083 3996 ὅ
1101 3951 1189 3997 θωσιν
1201 3943 1399 4011 ἀνηπλωμένως

227 4013 273 4073 τὰς
286 4013 424 4084 διηγήσεις
434 4055 439 4067 .
451 4055 457 4066 .
468 4009 580 4082 εἰσάγει.
598 4029 760 4085 συνεστρα
765 4033 786 4083 μ
791 4018 894 4084 μένην
905 4015 1071 4065 Pseudodion.
1081 3964 1153 4066 finos.
1161 4015 1229 4066 2671
1242 4011 1398 4080 ἀπαγγελία

228 4123 254 4136 ..
281 4084 311 4136 έν
335 4083 387 4152 μὲν
410 4089 465 4141 τοῖς
491 4078 677 4152 ἀγωνιστικοῖς
703 4085 932 4154 συνεστραμμένη.
967 4083 1130 4146 κωνοειδῆ
1153 4083 1321 4133 elocutionem
1340 4097 1398 4131 nus·

229 4170 300 4220 qnam
326 4155 417 4204 dictam
440 4153 536 4216 inveni,
563 4155 614 4203 nisi
639 4151 707 4202 forte
730 4155 776 4202 hoc
800 4153 951 4202 vocabulum
973 4153 1156 4203 restituendum
1185 4159 1226 4201 est
1247 4153 1272 4201 in
1295 4151 1397 4216 Sopatri

228 4221 430 4272 Diacr.WVIIl
448 4223 500 4274 922
527 4223 572 4272 καὶ
600 4221 712 4276 πολλοῖς
738 4214 825 4296 ἀλλοις
851 4217 952 4292 δυνήση
975 4213 1113 4288 νοήμασιν
1133 4219 1184 4284 τήν
1205 4220 1258 4271 τῶν
1280 4217 1398 4300 ἐλέγγειν

227 4290 354 4342 ἐκτείνειν
380 4287 543 4352 ἀπαίτησιν,
569 4291 615 4340 καὶ
639 4289 827 4355 ἐνθυμήμασι,
853 4291 899 4338 καὶ
923 4281 1128 4358 ἐπιχειρήμασι,
1154 4285 1187 4337 τὰ
1213 4286 1263 4356 μὲν
1289 4285 1398 4356 φραζων

227 4357 373 4415 κωλοειδιιῖς
391 4361 419 4419 (l.
432 4357 600 4421 adsuescitis),
617 4357 649 4408 τὰ
667 4354 696 4409 δὲ
714 4356 844 4425 ίφαπλιιῖν
861 4355 904 4416 (cl.
917 4353 1131 4426 ἀνηπλωμένην),
1149 4353 1183 4413 ὡς
1200 4351 1397 4424 ἐπιχειρήματα

227 4429 286 4488 (hoc
305 4426 454 4491 delendum),
476 4422 507 4478 τὰ
525 4424 553 4477 δὲ
570 4427 711 4494 γνωμικῶς
728 4427 819 4500 λέγων.
