3536 5208
671 443 707 449 -
758 405 893 468 XXXIX
920 441 922 446 ·
946 443 980 450 --

242 583 445 644 additamentis
468 583 633 662 depravavit
648 583 697 661 (cl.
721 583 787 644 adn.
804 583 869 644 XIII
884 583 918 663 2).
964 593 1059 644 tamen
1076 601 1110 644 ex
1126 581 1212 643 huius
1229 583 1323 644 verbis
1339 582 1408 664 upi-

242 695 336 748 tomes
358 685 444 746 rerba
468 685 595 766 suppleri
618 694 751 766 possunt.
795 695 863 766 post
878 689 995 768 κυρίως
1011 685 1034 746 Ε
1051 687 1065 744 1
1085 681 1406 768 13(pdv>seeuudum

242 788 277 849 W
293 789 343 849 VII
359 788 398 850 52
414 819 439 859 17
467 798 496 849 et
522 797 589 868 post
616 786 733 852 τούτου
758 792 817 860 110
842 783 917 873 (δὲ)
944 789 1105 849 secundum
1129 787 1165 847 W
1180 789 1217 874 ll
1233 791 1334 871 bllje
1357 808 1404 851 re-

242 892 424 954 stituendum
447 900 501 952 est.

325 994 534 1075 Etymologiam
569 994 598 1054 in
633 993 767 1074 Epitoma
801 1001 934 1073 excerpta
969 993 1032 1054 eius
1066 992 1188 1054 Cornuti
1216 993 1295 1054 Artis
1316 993 1408 1074 partis

241 1097 399 1177 excipiunt,
422 1117 478 1177 qua
501 1096 685 1160 definitiones
707 1096 849 1176 prooemii
865 1096 1101 1158 continebantur.
1146 1097 1308 1160 Cornutum
1325 1116 1408 1160 com·

241 1201 339 1282 plures
372 1201 555 1263 definitiones
589 1199 731 1279 prooemii
764 1199 904 1261 adtulisse
938 1209 1062 1274 constat,
1085 1219 1152 1262 nam
1176 1199 1407 1279 uniuscuiusque

241 1312 402 1366 ceterarum
437 1303 577 1365 orationis
610 1303 735 1382 partium
770 1303 936 1382 complures
967 1304 1150 1366 definitiones
1176 1304 1358 1365 enumerarit
1378 1313 1408 1364 ct

241 1408 313 1468 duae
335 1406 477 1486 prooemii
500 1405 683 1467 definitiones
705 1424 740 1466 ex
762 1406 824 1466 eius
847 1407 917 1467 Arte
947 1407 1107 1486 descrIptae
1130 1408 1406 1488 deprehenduntur:

239 1511 251 1570 l
274 1512 350 1591 apud
367 1509 516 1571 Nicolaum
541 1509 581 1589 Sp
596 1509 635 1569 III
651 1510 712 1570 450
728 1541 754 1579 13
769 1537 813 1562 =
828 1510 865 1569 W
879 1509 905 1570 Il
921 1510 940 1571 6
956 1542 990 1582 η,
1009 1509 1067 1571 123
1084 1541 1109 1580 21
1131 1505 1313 1593 προοίμιόν
1335 1508 1405 1571 ἐστι

239 1610 336 1690 λόγος
366 1608 624 1696 παρασκευάζων
650 1612 706 1675 τόν
734 1608 895 1695 ἀκροατὴν
923 1612 977 1673 καὶ
1008 1612 1136 1685 οἰκείως
1164 1611 1333 1686 διατιθεὶς
1360 1613 1407 1686 εἰς

184 1706 188 1714 ’
239 1715 296 1779 τὸν
318 1712 537 1798 ὑποκείμενον
559 1712 684 1793 torem.

239 1820 265 1880 ll
287 1821 363 1900 apud
388 1820 483 1882 HSam
500 1821 536 1880 W
551 1819 601 1880 Vll
624 1817 664 1879 52
680 1850 706 1888 1ss
728 1819 776 1896 (cf.
800 1819 865 1880 adn.
882 1818 949 1879 XIII
964 1819 989 1897 1)
1016 1814 1195 1900 προοίμιόν
1220 1815 1290 1879 doce
1313 1815 1408 1896 λόγος

241 1919 499 2003 παρασκευάζων
521 1921 578 1986 τόν
600 1919 762 2004 ἀκροατὴν
784 1921 830 1994 εἰς
851 1915 1020 2003 ὑποδοχὴν
1045 1921 1100 2003 τῆς
1122 1917 1329 1994 ὑποθέσεως.

237 2025 412 2106 epitomator
441 2046 475 2088 ex
498 2027 551 2088 hac
573 2026 651 2088 Artis
673 2033 754 2106 parte
777 2024 848 2086 nihil
871 2024 929 2086 nisi
950 2025 1065 2086 Neoclis
1087 2025 1173 2086 verba
1196 2025 1315 2104 recepit.
1360 2025 1408 2086 cui

236 2128 345 2205 ll§§5
368 2140 397 2192 ct
420 2131 439 2191 6
461 2129 653 2209 adsignandam
676 2137 754 2201 sunt,
778 2127 845 2207 quia
868 2129 999 2189 adlectus
1022 2129 1089 2190 finis
1109 2128 1163 2188 Ε2
1178 2162 1190 2200 2
1205 2129 1320 2190 Neoclis
1342 2147 1407 2190 esse

236 2233 330 2309 §223
353 2237 455 2296 fertur.
509 2233 629 2294 Neocles
656 2241 753 2294 autem
787 2231 856 2292 solis
890 2231 985 2292 verbis
1009 2231 1189 2314 προοίμιόν
1215 2230 1286 2294 ἐστι
1309 2229 1406 2309 λόγος

236 2335 400 2418 κινητικός
421 2333 441 2418 ἢ
464 2331 704 2418 θεραπευτικός
726 2333 789 2396 τῶν
811 2334 869 2397 τοῦ
891 2329 1054 2414 ἀκροατοῦ
1077 2336 1201 2398 παθόν
1219 2335 1403 2416 prooemium

236 2439 400 2502 definivisse
415 2441 562 2520 putandus
577 2458 637 2500 non
653 2446 705 2500 est.
743 2456 811 2498 nam
832 2438 903 2499 haec
919 2437 1049 2499 definitio
1066 2439 1187 2500 minime
1203 2447 1301 2501 exacta
1317 2448 1404 2513 esset,

235 2543 285 2604 sed
320 2543 419 2604 eadem
454 2544 489 2604 ad
522 2543 667 2624 epilogum
691 2542 857 2621 quadraret,
890 2559 964 2620 quae
993 2543 1085 2602 oratio
1108 2543 1249 2604 auditoris
1271 2543 1404 2604 adiectus

235 2665 355 2708 movens
379 2647 422 2707 rel
447 2647 564 2726 placans
586 2646 732 2707 nominari
754 2654 860 2726 potest.
893 2645 1004 2706 accedit
1030 2645 1109 2724 quod
1136 2664 1152 2705 c
1179 2646 1310 2724 proxima
1333 2647 1404 2727 llpi-

235 2757 329 2810 tomes
351 2750 495 2810 sementia
517 2747 770 2831 παρασκευάσαι
793 2750 855 2830 γάρ
877 2744 1041 2831 ἀκροατὴν
1061 2743 1223 2810 ἀδύνατον
1244 2743 1291 2831 μή
1314 2745 1404 2829 κινή-

235 2867 339 2914 σαυεα
371 2848 390 2934 ἢ
423 2849 678 2934 θεραπεύσαντα
709 2852 750 2915 τὰ
784 2852 819 2916 ἐν
852 2849 940 2936 αὐτῷ
973 2847 1071 2934 πάθη
1095 2853 1230 2914 Neoclem
1253 2853 1403 2934 prooemio

234 2955 396 3017 auditorem
420 2957 584 3036 praeparari
606 2965 689 3018 antea
712 2957 820 3018 dixisse
841 2958 1035 3037 colligendum
1059 2964 1114 3018 est.
1159 2975 1246 3036 supra
1277 2956 1403 3017 vidimus

234 3059 284 3139 (cl.
318 3060 384 3120 adn.
409 3059 462 3120 XII
477 3060 502 3136 γ)
535 3060 671 3121 Neoclem
704 3062 776 3122 duas
809 3060 1034 3140 enthymematis
1068 3060 1251 3120 definitiones
1282 3059 1403 3132 dedisse,

233 3181 357 3242 quarum
385 3163 473 3224 altera
500 3163 601 3224 Wllll
617 3164 678 3226 762
695 3195 719 3231 rs
747 3165 975 3245 enthymematis
1002 3171 1136 3224 naturam
1165 3163 1205 3224 ita
1232 3164 1343 3236 definit,
1367 3172 1400 3225 ut

233 3267 332 3327 eadem
366 3266 401 3326 ad
435 3265 610 3345 epichirema
643 3269 745 3329 referri
777 3267 881 3347 possit,
908 3267 997 3327 altera
1023 3265 1234 3345 euthymemati
1257 3267 1312 3328 soli
1334 3277 1401 3347 apta

233 3377 286 3430 est.
331 3368 466 3430 Neoclem
489 3370 579 3450 igitur
601 3372 688 3432 etiam
712 3371 783 3432 duas
806 3369 948 3451 prooemii
975 3367 1158 3430 definitiones
1187 3369 1300 3431 dedisse
1323 3378 1352 3430 et
1374 3371 1400 3431 ei

233 3471 430 3533 definitionem
453 3472 489 3534 ab
511 3474 559 3536 tas
582 3483 725 3536 servatam
749 3474 847 3535 deberi
870 3473 931 3534 reri
953 3471 1048 3534 simile
1071 3480 1124 3532 est.

315 3574 348 3635 ln
369 3575 489 3637 Cornuti
504 3576 582 3638 Artis
603 3586 695 3657 parte,
718 3577 802 3638 cuius
825 3585 959 3657 excerpta
974 3576 998 3636 Ε
1013 3579 1049 3650 ἐς
1065 3575 1094 3648 7,
1111 3574 1129 3635 8
1152 3573 1299 3649 exhibent,
1321 3576 1399 3636 unde

232 3678 380 3758 prooemia
408 3678 547 3758 capienda
570 3688 668 3741 essent
690 3681 892 3761 quaerebatur.
940 3680 976 3741 ad
1003 3679 1124 3740 eandem
1152 3678 1353 3758 quaestionem
1376 3677 1399 3738 E

232 3781 443 3860 §spertinet
472 3800 560 3861 quam
587 3783 623 3844 ab
653 3783 844 3864 epitomatore
874 3785 947 3845 falso
973 3784 1037 3845 loco
1059 3782 1227 3842 collocatam
1251 3801 1315 3843 esse
1338 3791 1400 3843 sta-

232 3884 353 3946 tuimus.
383 3885 459 3966 apud
475 3884 637 3947 Cornutum
661 3887 749 3966 igitur
764 3891 800 3964 ἐξ
813 3889 841 3961 7,
858 3887 876 3948 8
900 3897 930 3948 et
949 3891 967 3962 ξ
983 3885 1001 3947 3
1024 3885 1195 3947 coniunctas
1217 3885 1308 3946 luisse
1329 3903 1398 3964 pro-

232 3987 325 4049 babile
347 3997 400 4049 est.
455 4006 522 4048 cum
545 3988 569 4048 E
591 3990 643 4063 §7
666 3999 696 4051 et
717 3991 839 4052 Cornuti
861 3989 940 4050 Artis
973 3998 1107 4068 excerpta
1140 3989 1218 4068 apud
1244 3987 1394 4049 NIcolaum

233 4090 273 4170 Sp
288 4090 327 4150 III
342 4089 403 4152 473
419 4122 445 4160 γυ
459 4118 501 4143 =
516 4091 552 4150 W
566 4091 593 4152 ll
608 4092 668 4153 610
684 4125 709 4162 ³2
736 4102 822 4172 atque
849 4091 924 4174 apud
949 4091 1045 4153 IISam
1069 4092 1105 4151 W
1120 4091 1170 4152 llll
1186 4092 1226 4151 54
1243 4124 1267 4162 13
1290 4099 1319 4152 et
1340 4090 1397 4152 ue-

299 4281 396 4333 ¹llauc
419 4282 589 4334 definitionem
610 4281 838 4348 Apollodoreorum
861 4299 918 4334 esse
941 4284 1107 4349 suspicamur,
1130 4297 1184 4332 cum
1208 4283 1232 4333 ei
1254 4281 1397 4332 definitioni

232 4348 479 4431 Ippovflpocrplov
497 4352 656 4418 respondeat,
679 4365 751 4417 quam
770 4353 793 4402 in
813 4352 992 4406 commentario
1011 4353 1041 4404 ad
1060 4351 1135 4402 urs
1154 4351 1333 4419 Apollodoreis
1351 4351 1396 4401 ad-

231 4434 387 4486 scrrpsrmus.
