3536 5208
815 418 856 428 -—
902 381 1004 446 XLVI
1051 418 1086 430 -

366 565 477 626 adlatae
499 572 592 634 erant,
614 561 693 622 Artis
713 570 836 640 partem,
859 577 947 639 quam
965 561 1140 640 epitomator
1154 559 1222 619 inde
1237 578 1253 619 a
1269 561 1286 633 ξ
1301 557 1341 620 63
1358 557 1532 638 compilavit,

364 665 554 728 antecessisse
583 662 728 744 putandae
758 672 836 725 sunt.
881 681 949 724 nam
977 663 1051 723 lines
1078 661 1220 742 prooemii
1243 658 1338 741 ἔργου
1360 672 1427 722 ante
1450 679 1534 742 prae·

366 779 448 850 cepta
475 767 630 830 docilitatis
657 767 828 828 attentionis
856 766 1071 827 benevolentiae
1099 765 1187 845 positi
1217 773 1296 837 sunt,
1326 765 1432 844 quihus
1459 781 1535 844 qno·

368 871 525 935 dammodo
547 881 700 952 praecepta
723 889 803 932 nunc
824 870 909 932 nohis
932 869 1083 930 tractanda
1105 868 1293 948 respondent.

450 975 484 1036 ln
508 975 530 1035 E
552 977 588 1050 ἐξ
605 971 752 1035 63-104
775 973 809 1033 de
833 971 1009 1034 narrationis
1031 971 1190 1034 virtutibus
1212 973 1316 1050 agitur.
1362 982 1394 1032 ut
1414 970 1536 1033 Cornuti

367 1079 445 1140 Artis
478 1079 513 1139 de
543 1077 701 1138 virtutihus
730 1077 903 1136 narrationis
932 1083 1086 1154 praecepta
1117 1073 1317 1146 restituamus,
1351 1091 1410 1134 uon
1440 1073 1534 1134 solum

367 1199 469 1242 eornm
493 1189 628 1260 excerpta
650 1178 821 1239 excutienda
844 1185 915 1238 sunt
943 1177 993 1237 sed
1022 1176 1108 1250 etiarn
1131 1175 1210 1236 unde
1232 1175 1379 1237 Cornutus
1403 1194 1435 1236 ea
1458 1176 1536 1237 deri·

368 1285 478 1346 raverit
510 1283 709 1364 quaerendum
740 1291 793 1343 est.
838 1301 895 1360 qua
926 1282 961 1342 de
990 1299 1075 1341 causa
1104 1298 1208 1341 omnes
1236 1280 1315 1341 locos
1342 1278 1535 1341 vetustiorum

368 1389 531 1460 rhetorum,
548 1385 656 1466 quihus
672 1394 824 1465 praecepta
841 1386 877 1445 de
891 1383 1066 1445 narrationis
1078 1383 1237 1444 virtutihus
1249 1383 1408 1444 efficiendis
1421 1383 1536 1456 dantur,

368 1489 539 1570 perlustrari
568 1498 696 1568 oportet:
724 1487 912 1549 Anaximenis
929 1487 1013 1548 Rhet.
1032 1487 1073 1566 Sp
1088 1487 1100 1546 l
1122 1486 1184 1548 219
1201 1485 1331 1555 10-220
1347 1517 1368 1557 a,
1392 1485 1537 1558 2401-⁷;

370 1589 517 1653 Cornificii
548 1589 667 1650 Rhetl
694 1591 889 1665 §514-163
923 1590 1070 1652 Ciceronis
1100 1589 1139 1651 lle
1166 1591 1227 1650 lnv.
1248 1591 1260 1650 l
1282 1589 1385 1666 §§28,
1408 1589 1464 1663 29;
1497 1588 1537 1649 lle

370 1695 448 1756 Part.
472 1697 489 1768 ξ
505 1692 560 1766 52;
583 1693 754 1766 Quintiliani
769 1693 840 1755 last.
857 1694 893 1754 lV
909 1693 928 1754 2
942 1716 1049 1768 se-rm3
1071 1694 1199 1756 Theonis
1218 1695 1303 1773 Prog.
1320 1696 1359 1774 Sp
1373 1694 1400 1754 ll
1416 1693 1456 1754 79
1469 1723 1538 1762 20—-

371 1797 411 1858 85
427 1827 463 1867 27.
499 1797 708 1876 quodcumque
722 1806 909 1876 praeceptum
926 1815 992 1858 cum
1009 1797 1143 1877 Epitoma
1158 1797 1315 1877 conspirat,
1339 1797 1369 1857 in
1386 1813 1539 1857 commen-

372 1901 478 1962 tarium
503 1899 757 1972 transscribemus,
784 1917 865 1961 nunc
890 1918 964 1978 quae
985 1899 1060 1961 ratio
1082 1885 1160 1961 inter
1182 1899 1311 1979 singulos
1333 1900 1423 1960 libros
1445 1899 1538 1961 inter-

374 2004 457 2065 cedat
478 2003 579 2084 paucis
602 2002 783 2082 explanaturi
805 2021 919 2063 sumus.
1415 2028 1419 2057 l

458 2105 535 2167 Num
552 2105 746 2166 Anaximenes
769 2106 831 2186 ipse
853 2106 905 2166 uni
926 2124 961 2166 ex
976 2105 1080 2166 ceteris
1096 2078 1272 2178 rhetoribus:
1294 2123 1368 2186 quos
1385 2123 1541 2167 enumera-

374 2210 480 2283 vimus,
503 2209 543 2268 in·
556 2208 691 2269 manibus
713 2209 810 2278 luerit,
833 2209 915 2269 valde
937 2209 1114 2281 dubitamus,
1139 2210 1189 2270 sed
1212 2209 1288 2288 apud
1308 2227 1412 2270 omnes
1427 2216 1543 2288 praeter

375 2311 588 2386 Quintilianum
612 2313 731 2390 vestigia
759 2312 908 2373 doctrinae
935 2311 1148 2373 Anaximeneae
1171 2313 1355 2390 deteguntur.
1401 2311 1481 2372 Theo
1513 2319 1543 2372 et

375 2414 510 2494 Epitome
533 2433 567 2475 eo
590 2433 657 2475 cum
673 2415 851 2475 Anaximene
874 2415 1072 2488 consentiunt,
1095 2415 1173 2494 quod
1196 2414 1367 2476 brevitatem
1386 2423 1415 2476 et
1429 2414 1543 2495 perspi-

376 2516 514 2578 cuitatem
538 2535 553 2578 e
576 2517 664 2578 rehus
687 2525 716 2578 et
737 2536 753 2578 e
776 2505 871 2578 verbis
893 2517 957 2578 fieri
980 2517 1093 2592 docent,
1120 2528 1150 2578 et
1171 2515 1219 2578 hio
1241 2527 1364 2596 uterque
1387 2527 1416 2578 et
1439 2516 1543 2577 Corni-

377 2620 460 2680 ficius
477 2619 635 2698 Ciceroque
657 2620 797 2681 nonnulla
820 2620 975 2700 singularia
998 2630 1151 2701 praecepta
1167 2621 1354 2682 anaximenis
1376 2620 1543 2682 exhihent¹.

378 2742 410 2783 ea
433 2741 507 2801 quae
530 2721 703 2784 Cornificius
726 2731 755 2784 et
777 2741 850 2802 quae
870 2722 969 2784 Cicero
991 2725 1088 2804 priore
1111 2725 1130 2784 l.
1152 2725 1170 2784 l.
1196 2725 1231 2785 de
1253 2723 1428 2785 narrationis
1451 2723 1546 2784 rirtu-

293 2859 295 2864 ·
378 2826 457 2886 tihus
488 2834 648 2905 exponunt,
678 2827 738 2886 fere
767 2827 947 2888 adverbum
975 2837 1150 2906 congruunt,
1181 2845 1249 2888 cum
1273 2837 1396 2906 uterque
1418 2825 1544 2887 eundem

379 2929 536 3002 rhetorem,
564 2929 615 3008 qui
636 2938 729 2990 artem
753 2929 854 2991 Latine
881 2930 1037 3004 condidit²‚
1065 2941 1132 2992 aute
1154 2931 1253 2992 oculos
1276 2929 1418 2992 habuerit.
1462 2947 1548 3010 prae·

380 3042 542 3112 ceptorum,
570 3051 644 3112 quae
667 3033 767 3094 Cicero
794 3034 886 3094 altero
913 3035 931 3094 l.
952 3034 971 3094 l.
995 3034 1052 3108 dat,
1081 3035 1207 3114 plurima
1235 3034 1261 3094 ei
1290 3032 1445 3114 peculiaria
1467 3041 1546 3094 sunt.

380 3135 526 3216 permulta
547 3143 645 3195 antem
668 3145 901 3215 praeceptorum,
925 3153 999 3215 quae
1014 3136 1167 3198 Cornificio
1189 3147 1218 3198 et
1233 3137 1365 3199 Ciceroni
1380 3137 1548 3198 communia

383 3250 461 3313 aunt,
484 3239 560 3319 apud
584 3238 733 3300 Theonem
757 3241 838 3301 etin
861 3240 996 3320 Epitoma
1018 3241 1215 3321 reperiantur.

467 3341 662 3414 Quintilianus
684 3344 779 3405 rarius
801 3363 869 3406 cum
893 3345 997 3406 ceteris
1019 3344 1162 3406 concinit:
1185 3342 1453 3406 ve1·hislnst.lV2
1470 3375 1549 3413 Μ

384 3445 531 3507 Ciceronis
554 3445 590 3506 de
612 3445 673 3505 lnv.
696 3446 763 3506 lihri
785 3447 798 3506 l
820 3444 893 3522 §28
917 3448 1038 3508 subesse
1060 3447 1175 3508 ridetur
1201 3457 1230 3508 et
1256 3455 1396 3527 quattuor
1422 3443 1493 3507 locis
1515 3463 1550 3509 ex

385 3566 445 3608 nno
467 3565 570 3608 eorum
594 3548 755 3622 rhetorum,
779 3569 905 3628 quorum
921 3559 1074 3630 praecepta
1090 3549 1238 3611 Cornutus
1254 3549 1372 3630 recepit,
1395 3547 1551 3621 Quintilla-

385 3667 459 3710 num
487 3649 584 3730 ipsum
613 3671 730 3731 quoque
756 3653 884 3732 pendere
910 3653 1098 3734 perspicuum
1127 3662 1179 3715 est.
1224 3653 1274 3733 qui
1300 3652 1336 3714 lV
1359 3652 1424 3730 2³1,
1437 3684 1463 3721 32
1489 3650 1553 3712 lso-

386 3761 499 3814 crateos
532 3753 729 3815 narrationem
762 3756 888 3818 lucidam
922 3757 1041 3818 brevem
1074 3758 1134 3818 veri
1167 3757 1293 3819 similem
1324 3775 1389 3817 esse
1417 3754 1552 3827 voluisse,

387 3855 571 3917 Aristotelem
599 3867 787 3938 praeceptum
815 3859 963 3922 brevitatis
991 3859 1131 3934 inrisisse,
1160 3859 1346 3921 Theodoreus
1374 3857 1464 3920 solam
1493 3856 1554 3918 veri

389 3957 611 4022 similitudinem
634 3963 796 4042 postulasse
819 3963 916 4026 tradit.
961 3963 984 4024 E
1005 3966 1042 4038 ἐξ
1060 3963 1129 4038 102,
1154 3963 1223 4037 103,
1246 3972 1402 4043 postquam
1422 3961 1554 4042 proxima

459 4185 524 4239 ¹Cl.
543 4189 748 4239 commentarium
766 4190 797 4240 sd
816 4187 848 4254 ἓξ
861 4189 901 4256 82,
920 4189 960 4239 93.

459 4254 469 4287 ²
488 4255 548 4306 llem
571 4257 607 4306 ita
625 4271 653 4306 se
671 4257 763 4308 hahere
781 4257 897 4308 Thiellos
915 4255 1019 4319 Quaeri.
1037 4257 1069 4308 de
1089 4257 1222 4324 Cornificii
1237 4262 1262 4308 et
1283 4257 1409 4310 amonis
1425 4261 1474 4308 art.
1492 4257 1556 4308 rlret.

389 4323 459 4374 Dias.
488 4321 632 4392 Gryphisra
659 4325 723 4377 1889
750 4327 941 4376 demonstravit.
976 4326 1102 4377 Thieliom
1128 4334 1198 4377 recte
1213 4326 1352 4378 *iudicasse
1379 4325 1556 4375 commentario

390 4399 481 4442 nostro
500 4393 531 4443 ad
549 4391 583 4458 ἕξ
596 4394 637 4457 54,
656 4395 700 4456 553
721 4393 820 4445 tto—68
839 4395 934 4445 collato
953 4395 1009 4445 luce
1029 4395 1124 4446 clarius
1142 4396 1280 4460 adparehit.
