3536 5208
825 330 1056 394 ..XL-

357 512 519 574 mostbeuis
542 510 685 572 scholium
706 511 740 571 ad
758 529 799 571 or.
817 511 857 570 54
879 513 897 583 ᾗ
915 511 929 568 1
955 507 1148 587 comparanda
1164 518 1242 568 suut.
1286 527 1343 586 qua
1359 525 1389 568 re
1405 507 1435 568 in
1451 507 1521 588 Epi-

357 625 435 677 toma
451 623 565 676 rectum
589 613 720 674 ordinem
746 613 870 674 duorum
895 611 1066 673 ultimorum
1094 619 1315 691 praeceptorum
1339 610 1408 686 21„
1426 643 1450 682 19
1472 611 1521 672 in-

357 737 485 790 versum,
509 716 664 797 genuinam
687 715 933 796 praepositionem
958 709 1025 776 ἆπὸ
1050 733 1166 794 semper
1187 714 1217 775 in
1241 711 1275 776 ἐκ
1298 723 1327 775 ct
1349 714 1435 775 verba
1458 710 1521 798 ἀφ’

358 817 474 882 ἑαυτοῦ
497 819 542 880 bis
565 819 621 890 a„
637 852 663 888 10
689 820 719 880 in
749 814 816 880 ἀπὸ
841 817 898 879 τοῦ
921 813 1023 879 αὑτοῦ
1045 827 1169 891 mutata,
1192 818 1321 898 exempla
1345 817 1470 878 breviata
1494 827 1521 878 et

357 925 474 987 titulum
508 923 595 985 unius
619 922 757 984 orationis
780 922 841 992 λιι
863 922 1006 983 omissum
1036 939 1100 982 esse
1123 921 1279 1000 intelleges.
1338 929 1405 982 aute
1426 920 1522 994 verba,

357 1047 431 1108 quae
452 1027 476 1086 E
499 1025 550 1101 §8
573 1027 719 1105 leguntur,
753 1025 837 1105 plura
870 1025 1073 1104 praetermissa
1108 1043 1171 1084 esse
1203 1023 1302 1103 liquet.
1358 1023 1522 1102 dequibus

359 1131 434 1192 nihil
457 1131 525 1192 sciri
546 1138 644 1211 potest
666 1128 723 1188 nisi
745 1128 775 1188 in
806 1129 847 1188 eis
870 1128 905 1188 de
927 1126 1085 1207 prooemiis
1107 1137 1205 1188 actum
1228 1145 1301 1199 esse,
1325 1145 1398 1205 quae
1420 1146 1436 1188 a
1458 1127 1524 1206 qui-

360 1235 481 1295 busdam
499 1231 717 1311 περιστατικά
732 1231 968 1291 nominabantur.
1007 1231 1062 1291 boc
1081 1229 1200 1290 nomine
1220 1239 1298 1290 certe
1318 1248 1351 1290 ea
1366 1232 1523 1310 prooemia,

358 1355 432 1416 quae
455 1334 522 1398 άπὸ
546 1335 608 1396 τοῖν
629 1333 869 1415 περιστατικῶν
891 1330 1094 1415 λαμβάνεται
1118 1336 1166 1408 (el.
1190 1331 1225 1392 W
1241 1333 1289 1393 Vll
1305 1333 1344 1394 67
1361 1332 1409 1411 η),
1433 1332 1523 1410 signi-

359 1440 529 1500 ficabantur.
553 1437 695 1518 suspicari
707 1437 796 1516 igitur
807 1436 874 1497 licet
886 1435 1300 1516 aCornutodpollodoreorum
1317 1437 1352 1496 de
1367 1435 1524 1516 prooemiis

358 1541 496 1602 faciendis
512 1550 666 1621 praecepta
682 1541 737 1601 hoc
756 1542 820 1602 loco
836 1541 940 1602 tradita
955 1559 1028 1600 esse.
1067 1557 1133 1600 nam
1150 1539 1358 1619 Apollodorum
1376 1539 1525 1618 prooemia

359 1663 423 1706 esse
446 1663 481 1704 ex
504 1643 555 1716 eis,
579 1663 612 1704 ex
636 1644 745 1723 quibus
768 1663 870 1706 omnes
886 1644 1100 1704 controversiae
1115 1651 1292 1714 constarent,
1317 1643 1408 1716 iactis,
1431 1643 1524 1715 dictis,

359 1747 463 1820 causis,
486 1747 676 1826 temporibus,
700 1748 780 1820 locis,
804 1746 1013 1820 occasionibus,
1038 1748 1142 1808 ceteris
1165 1747 1183 1806 i.
1200 1766 1224 1806 e.
1248 1755 1318 1819 τοῖς
1340 1761 1525 1826 περιστατι-

361 1860 432 1924 κοῖς
454 1849 588 1911 docuisse
610 1850 710 1922 Quint.
729 1851 763 1910 lV
781 1853 839 1922 150
862 1850 958 1912 tradit.

447 1953 601 2026 Quomodo
617 1953 764 2014 auditores
781 1953 888 2015 dociles
903 1952 1006 2014 attenti
1022 1952 1152 2014 benevoli
1167 1953 1246 2023 fiant,
1267 1953 1297 2013 in
1313 1953 1434 2014 Cornuti
1450 1952 1527 2014 Artis

361 2057 513 2137 excerptis,
536 2074 610 2135 quae
626 2055 648 2114 E
669 2059 705 2130 ἓξ
721 2056 824 2118 9-18
848 2056 1008 2128 continent,
1032 2055 1195 2134 exponitur.
1240 2056 1361 2135 singulis
1377 2057 1412 2116 de
1427 2057 1481 2118 hac
1496 2075 1528 2118 re

362 2161 523 2242 praeceptis
545 2158 704 2238 praemissa
727 2169 797 2220 suut
819 2159 968 2220 enuntiata
992 2157 1116 2230 σκοπὸς
1144 2157 1180 2220 δὲ
1207 2161 1264 2221 τοῦ
1286 2161 1467 2242 προοιμίου
1490 2158 1527 2221 τὸ

361 2260 491 2326 τοιόνδε
513 2254 767 2340 παρασκευάσαι
790 2261 847 2324 τὸν
862 2257 1038 2343 ἀκροατήν·
1063 2259 1154 2334 τέλος
1174 2260 1211 2323 δὲ
1230 2260 1266 2323 τὸ
1283 2262 1452 2346 προσοχὴν
1473 2261 1528 2324 καὶ

363 2357 548 2448 εὐμάθειαν
571 2362 626 2424 καλ
650 2359 781 2426 εὔνοιαν
804 2359 1092 2446 άπεργάσυισθαιῑ.
1136 2364 1279 2445 eprioris
1294 2365 1438 2428 enuntiati
1459 2385 1529 2446 pro-

364 2469 483 2530 nomine
506 2463 636 2529 τοιόνδε
658 2478 709 2528 aut
730 2454 907 2529 infinitivum
931 2477 1063 2529 secutum
1087 2487 1158 2540 esse,
1182 2487 1240 2547 quo
1268 2468 1338 2529 illud
1366 2468 1528 2550 explicaba-

364 2584 426 2643 tur,
455 2580 505 2632 aot
533 2570 717 2632 enuntiatum
742 2571 944 2650 praecessisse,
967 2571 1002 2632 ad
1024 2571 1103 2650 quod
1126 2571 1307 2652 respiciebat,
1334 2571 1527 2652 colligendum

364 2686 418 2738 cst.
461 2675 558 2736 locum
582 2675 618 2735 ab
639 2673 830 2754 epitomatore
853 2683 998 2736 resectum
1023 2693 1086 2736 esse
1109 2693 1143 2735 co
1166 2675 1364 2748 confirmatur,
1392 2675 1470 2754 quod
1493 2676 1527 2736 ad

365 2780 489 2842 eundem
519 2777 589 2838 aliae
617 2777 800 2838 definitiones
828 2774 923 2858 ε”ργου
949 2787 978 2838 et
1004 2776 1114 2851 σέλαος
1142 2779 1323 2858 προοιμίου
1354 2779 1530 2840 revocandae

366 2893 444 2955 sunt,
468 2900 540 2961 quas
563 2900 579 2939 e
602 2879 722 2940 Cornuti
744 2880 814 2941 Arte
836 2880 954 2941 fluxisse
977 2881 1255 2942 demonstravimus:

365 2987 378 3046 l
393 2986 469 3065 apud
486 2983 636 3044 Nicolaum
652 3009 694 3034 =
710 2981 819 3062 lloxop.
836 2982 871 3043 W
883 2983 908 3044 ll
927 2982 985 3044 123
1001 3016 1078 3054 ss-ss
1102 2981 1196 3065 ἔργον
1219 2981 1255 3044 δὲ
1278 2977 1377 3045 αὐτοῦ
1400 2984 1530 3066 (προοι-

365 3089 457 3168 μίου)
483 3083 521 3148 τά
547 3108 581 3146 τε
609 3083 843 3166 προσεκτικοὺς
869 3083 944 3158 τούς
972 3081 1132 3166 ἀκροατὰς
1161 3083 1421 3168 παρασκευάζειν
1449 3084 1532 3168 πρὸς

366 3190 408 3252 τά
430 3184 643 3272 ῥηθησόμενα
666 3188 720 3250 καλ
743 3188 779 3252 τὸ
804 3185 934 3252 εὔνοιαν
956 3186 976 3270 ἢ
998 3199 1095 3270 μῖσος
1117 3185 1434 3270 ἐναπεργάζεσθαιλ.

367 3296 393 3356 ll
409 3294 485 3373 apud
497 3291 594 3353 HSam
609 3291 646 3351 W
657 3292 707 3352 Vll
724 3293 763 3353 52
776 3311 850 3370 περ.
867 3290 958 3365 τέλος
974 3290 1011 3354 δὲ
1026 3293 1083 3354 τοῦ
1099 3295 1280 3374 προοιμίου
1294 3292 1331 3354 τὸ
1348 3302 1531 3374 παρασχεῖν

368 3392 504 3479 εὖηκοον
526 3394 610 3476 πρὸς
632 3391 672 3455 τά
695 3394 800 3456 λοιπὰ
821 3393 877 3456 τὸν
899 3390 1069 3477 ἀκροατήν.

368 3500 444 3560 inter
482 3497 679 3559 definitionem
717 3495 827 3570 τέλους
863 3498 893 3558 iu
927 3498 1089 3579 Epitomam
1124 3509 1269 3580 receptam
1303 3508 1332 3562 et
1364 3499 1530 3580 proximum

437 3663 445 3694 ¹
464 3662 530 3712 llaec
553 3661 642 3716 τέλους
664 3663 778 3712 delinitio
803 3663 828 3710 in
847 3661 948 3714 Nicoloi
967 3662 1041 3726 Prog.
1061 3663 1094 3730 Sp
1106 3661 1138 3713 lll
1157 3665 1207 3714 450
1220 3680 1245 3716 ao
1257 3689 1290 3706 =
1304 3664 1336 3715 W
1350 3663 1371 3714 ll
1390 3666 1431 3717 71
1449 3672 1533 3716 trana-

369 3732 466 3796 scripta
484 3737 532 3791 est,
553 3730 595 3780 ubi
616 3730 639 3780 ei
653 3731 730 3780 verba
747 3729 859 3795 praelixa
877 3739 936 3781 sunt
952 3730 966 3782 ἕ
982 3747 1032 3798 γον
1050 3729 1077 3783 δὲ
1096 3726 1178 3783 αὐτοῦ
1195 3733 1368 3800 (προοιμίου)
1386 3733 1432 3782 καλ
1449 3733 1532 3788 τέλος

368 3797 399 3850 τὸ
426 3796 479 3869 γὰρ
506 3792 572 3848 αὐτό
599 3814 668 3854 τινες
695 3789 833 3866 ᾠήθησαν.
870 3748 1053 3866 Apollodoreos
1081 3797 1162 3870 ἔργον
1189 3801 1253 3850 idem
1280 3808 1353 3867 atque
1379 3801 1452 3856 τέλος
1478 3815 1533 3851 essa

370 3868 507 3933 sumpsisse
525 3866 612 3916 verbis
631 3865 652 3915 ll
671 3868 684 3916 7
701 3881 712 3919 r
731 3867 902 3929 cognoscitur,
923 3869 966 3918 sed
986 3869 1024 3918 bis
1043 3869 1211 3920 definitionem
1230 3869 1364 3921 aNicolao
1383 3869 1533 3936 descriptam

370 3937 505 3999 adsignare
524 3933 675 3999 Quintiliani
693 3935 780 3985 verbis
798 3934 831 3985 lV
853 3935 864 3984 1
879 3952 904 3988 so
922 3943 1043 3987 vetamur.

438 4003 526 4054 ²(2nm
549 4004 612 4054 haec
640 4003 753 4054 delinitio
777 4003 958 4069 Apollodoreis
981 4007 1131 4056 vindicanda
1156 4007 1192 4056 sit
1213 4004 1256 4066 (ci.
1275 4007 1480 4056 commentarium
1503 4008 1534 4056 ad

370 4073 391 4121 E
411 4073 423 4120 i
440 4074 473 4135 a),
490 4073 618 4134 miramur,
637 4073 701 4138 quod
715 4088 764 4120 non
777 4073 836 4122 huic
849 4074 927 4124 verba
939 4071 1019 4139 ἔργον
1031 4101 1063 4110 -
1076 4065 1215 4142 ᾠήθησαν,
1234 4075 1265 4125 de
1279 4074 1369 4140 quibus
1381 4076 1406 4124 in
1420 4076 1535 4140 proxima

372 4143 428 4191 adn.
448 4141 622 4204 dissernimus,
641 4139 752 4206 praelixa
771 4147 838 4190 sunt.
875 4141 1017 4191 dubitamus
1036 4143 1122 4207 igitur,
1141 4158 1171 4193 au
1190 4143 1337 4208 lloxopater
1354 4149 1380 4193 et
1396 4158 1535 4209 anonymus

372 4209 509 4274 Aphthooii
535 4211 664 4274 interpres
683 4209 784 4261 Nicoloi
804 4209 881 4258 verba
899 4211 1108 4275 perturbaverint
1126 4219 1151 4260 et
1170 4227 1197 4262 aa
1215 4213 1280 4262 bunc
1298 4212 1322 4260 in
1342 4213 1438 4260 rnodnm
1457 4213 1536 4264 resti-

371 4277 464 4326 tuenda
487 4278 553 4328 sint:
571 4275 651 4347 ἔργον
663 4306 695 4314 -
709 4268 841 4341 ᾠήθησαν
852 4276 898 4337 (W
911 4276 932 4328 ll
945 4279 958 4327 7
971 4282 1035 4342 1-s)
1052 4270 1122 4330 τότε
1139 4276 1375 4348 προσεκτικοὺς-
1387 4277 1536 4350 λναπεργά·

371 4343 464 4402 ζεσθαι
482 4345 526 4405 (W
540 4344 561 4395 ll
575 4350 674 4410 as-rs),
694 4343 739 4413 (ἢ)
758 4344 788 4396 τὸ
805 4341 993 4414 προσοχὴν-
1006 4341 1210 4416 ἀπεργάζεσθαι
1227 4348 1272 4411 (W
1286 4347 1307 4399 ll
1326 4350 1423 4413 is-s).
