3538 5212
724 393 922 454 ..η-

241 564 521 651 παραιτησόμεθα
544 565 599 630 καὶ
622 567 681 630 τὸν
703 565 862 645 δπίλογον
884 565 920 638 d}
934 562 1076 651 ἀνάγκης
1091 567 1150 630 διὰ
1164 567 1201 631 τύ
1218 569 1276 631 τοῦ
1292 571 1409 652 παθη-

240 671 334 734 τικού
360 673 441 754 μέρη
469 673 557 735 εἶναι
585 667 772 756 ύμφότερα·
801 668 863 754 [ἔτι
891 665 928 732 δὲ
954 665 1010 732 καὶ
1032 667 1166 734 τοιούτύ
1187 694 1219 732 τι
1242 670 1408 755 λέγουσιν]

242 772 384 856 πότερον
405 773 467 855 γὰρ
490 775 746 859 παραλείψομεν
767 772 804 836 τύ
829 776 1008 857 προοίμιον
1030 769 1050 856 ἢ
1072 772 1148 848 τούς
1163 770 1340 852 ἐπιλόγους
1346 801 1357 852 ,·
1381 775 1412 837 ελ

241 877 302 960 μὲν
331 873 389 941 ούν
414 876 490 952 τούς
521 876 710 960 ἐπιλόγους,
738 870 856 960 οἷτελής
878 873 971 938 ἔσται
998 873 1091 960 (καὶ)
1116 874 1222 961 μύτην
1244 877 1412 960 εἰρημένος

207 986 222 1040 5
242 977 372 1058 δλόγος
386 989 457 1054 τοῖς
472 979 592 1063 μεταξύ
615 981 800 1064 εἰρημένοις
822 980 869 1053 εἰς
891 977 1001 1065 λήθην
1022 981 1088 1043 τῶν
1106 983 1328 1065 καιριωτέρων
1350 981 1413 1044 τῶν

242 1079 412 1168 ἀκροατῶν
434 1082 712 1166 ἐμπεπτωκότων,
737 1083 768 1144 εἰ
790 1081 827 1145 δέ
841 1081 884 1167 μή
902 1083 1157 1168 παραλείψομεν
1171 1081 1317 1160 τούτους,
1336 1080 1413 1148 ούδέ

243 1186 279 1249 τὸ
302 1189 491 1268 προοίμιον.
545 1186 595 1248 28.
619 1187 703 1270 πρὸς
730 1185 767 1248 δέ
789 1182 917 1260 τούτοις
939 1183 1072 1251 κάκεῖνό
1094 1203 1213 1272 φασιν·
1237 1185 1331 1269 ἔργον
1353 1187 1413 1269 μὲν

244 1292 329 1353 εἶναι
354 1293 534 1372 προοιμίου
557 1290 612 1353 καὶ
635 1287 727 1364 τέλος
749 1289 786 1365 τὸ
813 1288 870 1352 τόν
896 1283 1061 1374 α’κροατήν
1084 1287 1198 1355 εὔνουν
1219 1325 1280 1359 ιιι
1305 1313 1413 1374 παρα-

245 1386 405 1456 σκευάσαι
434 1392 518 1476 πρὸς
550 1391 591 1454 τόι
625 1391 869 1478 λεχθησόμενα,
903 1391 1019 1456 τούτου
1053 1391 1091 1456 δὲ
1123 1391 1414 1476 παραλειφθέντος

194 1503 227 1557 10
245 1495 348 1578 μηδὲν
370 1496 435 1559 τῶν
456 1497 703 1578 προειρημένων
723 1494 937 1580 γενήσεσθαι.
987 1495 1038 1558 29.
1066 1491 1122 1580 ἐφ’
1149 1491 1279 1560 ἅπασιν
1308 1495 1413 1560 έκεῖνο

244 1596 409 1676 λέγουσιν,
426 1593 476 1662 ὅτι
493 1598 613 1662 πολλοὶ
628 1599 693 1662 τῶν
705 1596 852 1679 ἀρχαίαν
866 1597 983 1677 λόγους
1000 1602 1223 1683 συνέγραψαν,
1242 1591 1286 1664 ῶν
1304 1597 1413 1673 ούδείς

246 1701 337 1766 ἐστιν
359 1698 632 1785 ύπροοιμίαστος.

332 1805 380 1868 30.
418 1795 518 1866 Οὔτοι
541 1803 602 1887 μέν
625 1801 684 1869 οὔυ
706 1799 820 1880 οὔτως,
833 1800 1045 1885 Ἀλέξανδρος
1060 1803 1097 1866 δὲ
1113 1801 1131 1868 δ
1147 1805 1207 1867 τού
1224 1810 1414 1890 Νουμηνίυυ

246 1907 329 1992 πρὸς
352 1911 489 1971 ἕκαστον
510 1909 574 1970 τῶν
597 1909 776 1992 εἰρημένων
798 1904 955 1970 ἀπαντῶν
976 1907 1108 1990 πρῶτον
1129 1905 1190 1990 μὲν
1212 1907 1318 1972 έκεῖνο
1333 1913 1414 1992 μέμ-

196 2023 227 2075 15
247 2033 358 2094 φεται,
387 2006 430 2084 ῶς
457 2006 515 2072 οὔκ
539 2007 649 2092 ὀρθῶς
671 2013 726 2096 τής
754 2009 924 2096 ῥητορικῆς
952 2007 1204 2073 κατωπτεύκασι
1232 2010 1290 2095 τήν
1312 2009 1415 2094 φύσιν
1434 2059 1505 2102 cru.

246 2113 460 2199 στοχαστικής
480 2113 484 2197 l
507 2111 657 2199 (τέχνης)
683 2111 796 2198 οὔσης·
819 2110 937 2188 αύτούς
957 2111 1018 2196 γὰρ
1034 2109 1210 2196 λελήθασι,
1234 2119 1349 2198 φησίν,
1373 2111 1416 2188 ῶς
1437 2134 1506 2185 1211

246 2219 324 2300 περὶ
347 2216 531 2301 ἐπιστήμης
554 2216 795 2302 διαλεγόμενοι.
833 2218 883 2280 31.
900 2216 1054 2300 διαφέρει
1070 2215 1107 2279 δέ
1129 2213 1149 2301 ή
1172 2213 1338 2301 ἐπιστήμη
1360 2219 1416 2301 τής

315 2433 630 2500 2ἔτι-ι1έγουσινδο1
650 2433 705 2484 wil
758 2427 886 2485 δεῦνουν
907 2430 990 2482 nolli
1044 2433 1074 2484 10
1092 2432 1329 2502 προηρημένιονῦ
1384 2433 1413 2483 12

245 2494 543 2570 όποπροοιμιόσμαιος
567 2502 639 2552 Pom
658 2503 707 2564 Sug
762 2502 792 2552 14
814 2497 946 2552 ἀπαντῶν
963 2499 982 2550 P
1000 2515 1038 2550 cm
1056 2501 1090 2566 Sp
1144 2503 1173 2552 16
1192 2501 1413 2568 στοχαστικῆς-

244 2567 298 2639 γὰρ
314 2571 381 2622 Wil:
400 2571 579 2637 στοχαστικῆς
598 2563 681 2634 οὔσης
698 2567 752 2637 γὰρ
771 2565 870 2626 αύτούς
882 2568 909 2632 Ρ,
928 2564 1009 2633 οὔσης
1026 2569 1076 2633 Sag
1093 2570 1165 2619 uncis
1186 2570 1298 2630 inclusit,
1318 2585 1365 2634 qua
1384 2571 1413 2620 de

245 2655 321 2690 cansa
335 2639 368 2704 Sp
388 2641 433 2689 huc
445 2639 607 2704 participium
620 2655 636 2688 a
648 2639 759 2700 chnern
772 2639 884 2688 additura
898 2651 954 2688 esse
967 2645 1038 2688 ratas
1051 2639 1130 2687 scribi
1144 2638 1221 2688 iussit
1234 2639 1415 2704 croppenstede

245 2703 299 2776 γὰρ
319 2703 401 2772 αὐτῆς
420 2701 520 2772 (οὔσης
536 2708 582 2756 καὶ
599 2708 704 2773 τέχνης)
761 2707 792 2758 tl
810 2706 969 2773 ἐπιστημῶν
987 2705 1005 2754 Ρ
1024 2721 1061 2755 ena
1080 2707 1113 2771 Sp

245 2827 563 2836 —————-—·—

312 2905 329 2971 ξ
349 2905 380 2955 28
399 2913 457 2970 pnst
480 2897 598 2955 εὔνουν
620 2904 738 2968 quaedam
762 2903 925 2953 intercidisse
948 2910 1043 2952 certnau
1067 2911 1112 2966 est,
1136 2919 1191 2952 nara
1213 2902 1345 2952 auditores
1365 2918 1413 2954 uon

246 2989 305 3036 erga
333 2973 439 3024 dicenda
466 2975 510 3023 sed
534 2988 594 3038 erga
619 2979 704 3022 certos
727 2973 844 3036 quosdam
868 2971 982 3021 homines
1006 2971 1123 3020 benevoli
1152 2972 1274 3022 reddendi
1301 2980 1361 3022 ειιιιι
1388 2980 1414 3023 et

245 3044 387 3108 complures
412 3057 454 3091 res
478 3041 608 3107 prooemio
631 3041 811 3105 comparandas
830 3047 990 3089 enumeratus
1009 3054 1065 3090 esse
1086 3041 1190 3090 verbum
1207 3041 1414 3108 προειρημένων

244 3111 391 3162 testimonia
415 3117 463 3160 ast.
500 3125 577 3176 neque
601 3116 682 3158 tannen
703 3109 870 3173 Apollodorei
891 3100 988 3160 εὔνουν
1008 3107 1067 3174 (καὶ
1085 3103 1195 3176 εὐμαθῆ
1213 3111 1258 3159 καὶ
1276 3109 1412 3178 προσεχῆ)

244 3179 379 3246 scripsisse
403 3178 507 3243 putandi
530 3185 597 3242 snut,
620 3177 710 3242 qnippe
735 3177 778 3242 qni
801 3178 846 3227 has
868 3184 922 3227 tres
946 3192 1003 3227 esse
1026 3178 1119 3229 indicis
1141 3179 1309 3244 praeparandi
1328 3185 1414 3242 partes

245 3247 397 3310 negaverint
414 3244 513 3310 (Quint.
525 3245 558 3296 IV
575 3249 644 3307 loo).
680 3253 708 3296 at
726 3246 826 3295 eosdem
841 3246 993 3310 postulasse,
1015 3253 1043 3296 nt
1056 3247 1183 3312 prooemio
1198 3255 1223 3297 et
1237 3246 1414 3297 benevolentia

245 3324 271 3366 et
290 3315 416 3366 audituris
428 3315 459 3364 ad
473 3315 579 3364 dicenda
592 3314 753 3378 praeparatio
768 3311 921 3374 alliceretur,
942 3313 1029 3362 verbis
1041 3314 1057 3378 ξ
1071 3315 1102 3364 28
1116 3316 1228 3364 serratis
1241 3315 1414 3376 cognoscitur.

244 3385 308 3450 qnod
330 3399 384 3434 cum
403 3384 430 3433 in
449 3383 598 3433 delinitione
616 3398 630 3430 a
648 3381 757 3432 Nicolao
776 3382 869 3430 traditu
890 3379 923 3431 W
936 3379 958 3430 ll
973 3381 1019 3430 123
1033 3395 1058 3434 ιτ
1076 3381 1157 3453 ἔργον
1169 3381 1197 3433 δὲ
1210 3377 1293 3433 αὐτοῦ
1305 3386 1414 3448 (προοι-

243 3455 321 3522 μέου)
339 3444 369 3502 τό
386 3467 414 3504 τε
431 3445 622 3521 προσεκτικοὺς
639 3447 701 3506 τούς
719 3447 852 3520 ἀκροατὰς
870 3446 1085 3518 παρασκευάζειν
1104 3449 1173 3515 πρὸς
1190 3445 1223 3500 τὰ
1237 3444 1414 3519 ῥηθησόμενα

244 3522 291 3572 καὶ
314 3517 344 3572 τὸ
369 3514 480 3574 εὔνοιαν
502 3513 519 3583 ἢ
541 3523 625 3586 μῖσος
648 3508 886 3584 έναιτεργύζεσθαι
909 3520 1010 3569 eaodem
1037 3519 1099 3568 dnae
1123 3535 1165 3568 res
1183 3525 1328 3584 poscantur,
1350 3522 1414 3569 hanc

245 3591 417 3641 definitionem
431 3588 611 3656 Apollodoreis
624 3587 804 3648 adsignandam
817 3593 843 3635 et
861 3586 995 3635 secundum
1016 3602 1069 3637 earn
1089 3588 1202 3637 lacunari
1221 3586 1284 3652 §28
1303 3588 1339 3636 itu
1358 3585 1413 3638 iera

244 3660 392 3721 explendam
405 3673 536 3708 oensernns
548 3649 644 3708 εὔνουν
658 3648 688 3720 (ἢ
700 3649 817 3707 δύσνουν
831 3657 923 3706 ποιεῖν
933 3657 978 3704 καὶ
991 3652 1183 3723 προσεκτικὸν)
1196 3653 1412 3723 παρασκευάσαι.

244 3726 305 3792 §30
324 3726 545 3793 στοχαστικῆς
562 3726 680 3790 τέχνης
693 3722 747 3773 Wil
767 3723 866 3786 relegat
883 3724 914 3774 ad
928 3723 1113 3773 Erasistratum
1132 3725 1196 3790 apud
1216 3722 1340 3773 Galennm
1354 3723 1413 3773 XIV

244 3795 293 3845 685
307 3794 336 3845 αἱ
347 3793 375 3848 δὲ
387 3797 500 3862 (τέχναι)
512 3795 634 3861 ἐφίενται
646 3790 698 3858 μὲν
709 3793 756 3841 τοῦ
767 3789 870 3842 ἑαυτῶν
881 3792 978 3855 τέλους,
996 3787 1032 3848 ῶς
1043 3791 1158 3858 σκοποῦ,
1172 3787 1221 3842 οὔκ
1232 3786 1275 3842 det
1285 3789 1315 3842 δὲ
1328 3789 1413 3842 αὐτοῦ

243 3859 513 3929 τογχύνουσιν,.ύ11’
533 3857 568 3915 ὠς
590 3859 636 3911 tul
659 3859 689 3910 τὸ
715 3856 797 3920 πολὺ,
821 3856 862 3910 διὸ
881 3861 927 3909 καὶ
946 3862 1126 3926 στοχαστικαὶ
1142 3859 1274 3927 λέγονται.
1310 3853 1413 3910 τούτων

244 3925 280 3982 δν
298 3934 338 3996 εἴη
355 3935 400 3982 καὶ
420 3918 530 3998 ἰατρική,
549 3924 585 3984 ῶς
603 3923 727 3999 ῥητορικὴ
746 3927 797 3990 κτὲ,
815 3937 842 3979 et
860 3929 890 3977 ad
910 3927 1013 3978 Lucium
1029 3927 1184 3978 Tar-rhoeam
1203 3929 1227 3977 ia
1242 3928 1325 3979 Schol.
1339 3930 1411 3979 Dion.

244 3999 336 4050 Thrae.
356 4001 433 4050 ueta.
452 4003 498 4048 An.
517 3997 605 4050 6531:
629 3993 791 4062 στοχαστικὴ
814 3995 848 4046 δέ
865 3997 938 4048 ἐστιν
956 3991 971 4059 ἡ
989 3993 1058 4047 κατὰ
1076 3996 1236 4065 στοχασμὸν
1259 3991 1413 4063 ὡρισμένον

243 4069 380 4146 γινομένη,
402 4064 495 4149 ὥσηιρ
517 4061 534 4128 ἡ
558 4062 691 4145 ῥηιὶοριηή,
726 4063 743 4129 ς
762 4065 791 4114 31
805 4063 968 4147 ⁵‹lao'etpa‘prt
990 4063 1044 4116 κτέ
1065 4067 1172 4147 Sopater
1191 4064 1260 4115 WV
1280 4065 1333 4146 3‘no
1351 4064 1412 4147 dna:

244 4133 1412 4274 llll‘lt25'lllllll‘llll'lllllll'lt'llll‘ltl‘gessllllllllltlz

244 4273 479 4341 μεταβαλλομένην
501 4270 573 4339 ἔχειν
594 4267 642 4332 τὴν
664 4266 834 4332 εἴδησιν...
859 4261 997 4337 διενήνοχε
1020 4268 1048 4321 δὲ
1071 4268 1087 4337 ἡ
1105 4273 1183 4337 τέχνη
1201 4269 1247 4334 τῆς
1264 4261 1412 4336 ἐπιστήμης

244 4338 335 4460 τῷὶμη
354 4331 512 4420 ύδηαπτιύττμ
530 4339 682 4408 κεχρῆσθαι
700 4336 735 4403 τῷ
753 4342 848 4406 σκοπῷ
866 4336 932 4390 ἀλλὰ
950 4339 1181 4408 μεθαρμόζεσθαι
1190 4335 1260 4408 πρὸς
1272 4332 1410 4409 πρόσωπα

244 4429 276 4460 κα
306 4425 422 4477 καιρους.
