3536 5208
651 465 691 474 ψ
737 428 877 493 XXXIII
929 467 962 474 —

230 606 293 666 ioco
318 605 562 684 sp136921-2t
585 606 615 666 in
643 606 887 668 commentarium
916 609 952 668 ad
971 607 994 667 E
1010 607 1077 676 370
1100 609 1300 688 transscripto.
1347 610 1396 670 uhi

229 708 306 787 leges
328 705 363 769 ἐκ
385 707 443 770 τοῦ
466 703 583 787 ὁμοίου
605 705 625 789 ἢ
648 706 902 786 συλλογιστικῶς
924 709 996 771 solvi
1012 711 1142 772 docetur.
1186 729 1243 789 qua
1259 711 1293 772 de
1309 731 1397 774 causa

230 810 252 870 E
268 815 285 885 ξ
303 810 362 873 188
378 811 473 872 verbis
492 806 549 894 (ἢ)
566 856 593 871 ..
611 807 877 890 συλλογιζόμενοι
899 814 1019 874 tertium
1035 814 1113 892 leges
1129 813 1259 875 solvendi
1275 814 1396 876 modum

230 913 385 992 significari
407 933 581 994 persuasum
605 914 757 976 hahemus.

314 1016 394 1089 Quae
416 1036 483 1079 cum
506 1018 545 1078 ita
561 1017 628 1090 siut,
652 1017 775 1078 dubium
791 1036 849 1078 uon
866 1027 919 1092 est,
943 1020 1013 1099 quin
1028 1019 1063 1092 is,
1086 1019 1137 1098 qui
1153 1019 1231 1081 Artis
1247 1019 1282 1081 de
1297 1020 1395 1098 legum

230 1119 374 1180 solutione
406 1130 593 1200 praeceptum
627 1119 706 1181 dedit
735 1121 802 1196 E‘§
824 1119 895 1195 188,
928 1130 1067 1201 quattuor
1100 1131 1230 1184 statuum
1258 1123 1394 1201 legalium

229 1219 372 1282 rationem
407 1223 549 1284 habuerit.
594 1223 726 1285 ordinem
759 1233 857 1285 autem
892 1225 998 1286 horum
1033 1233 1163 1286 statuum
1194 1233 1312 1286 secutus
1340 1235 1394 1299 est,

229 1323 279 1402 qui
305 1324 473 1388 rhetoribus
499 1327 657 1389 inusitatus
680 1345 776 1406 neque
798 1327 923 1405 vulgaris
946 1335 1018 1388 erat.
1063 1327 1150 1388 unius
1174 1327 1299 1389 rhetoris
1322 1348 1394 1409 pro-

228 1426 325 1506 prium
362 1427 453 1489 fuisse
491 1429 697 1510 amphiboliam
735 1429 861 1509 primam
900 1430 1041 1492 collocare
1062 1450 1094 1491 ·a
1132 1431 1254 1510 Syriano
1291 1435 1393 1494 fertur.

228 1531 352 1592 eundem
380 1533 528 1594 rhetorem
553 1532 693 1612 Syrianus
720 1540 787 1612 post
809 1532 1065 1612 Harpocratiouem
1093 1543 1254 1608 enumerat,
1284 1534 1335 1614 qui
1359 1535 1394 1596 ad

227 1633 326 1694 Artem
355 1637 587 1715 componendam
615 1635 761 1697 adhibitus
788 1644 847 1708 est;
878 1634 1009 1696 eiusdem
1033 1636 1118 1697 verba
1146 1637 1202 1698 alio
1228 1638 1291 1699 loeo
1314 1637 1392 1699 Artis

227 1736 356 1798 extitisse
394 1738 560 1800 statuimus.
617 1739 679 1799 iure
712 1758 781 1819 ergo
814 1738 943 1800 Cornuto
976 1743 1076 1800 Artem
1111 1739 1272 1802 vindicasse
1305 1741 1391 1803 nohis

229 1840 373 1902 videmur.

455 2137 664 2215 GORNUTI
689 2137 832 2216 ARTIS
859 2138 1157 2216 assultuum.

311 2273 454 2347 Quoniam
489 2284 518 2335 et
545 2273 664 2336 Cornuti
691 2274 769 2336 Artis
804 2286 937 2355 excerpta
964 2277 1041 2356 apud
1068 2276 1234 2356 complures
1260 2276 1393 2338 rhetores

227 2377 389 2437 deteximus
411 2385 441 2437 et
462 2376 491 2436 ia
508 2376 650 2457 Epitoma‚
674 2397 762 2458 quam
786 2377 910 2452 edimus,
927 2397 1013 2458 saepe
1028 2379 1287 2458 quaedamdeesse
1302 2397 1392 2458 quae-

227 2480 292 2541 dam
316 2481 422 2542 ialsum
445 2479 542 2540 locum
566 2481 671 2542 habere
694 2480 893 2558 eognovimus,
916 2480 993 2542 illam
1016 2481 1117 2543 Artem
1144 2481 1299 2544 restituere
1324 2501 1391 2543 sus-

226 2584 358 2662 cepimus
391 2601 424 2643 ac
457 2583 587 2662 primum
621 2582 740 2662 quidem
774 2583 824 2662 qui
857 2584 920 2645 eius
955 2584 1055 2646 titulus
1085 2603 1217 2664 quaeque
1239 2584 1392 2666 dispositio

228 2685 315 2748 fuerit
336 2685 542 2747 sciscitandum
566 2696 620 2747 est.

311 2789 442 2850 Titulum
466 2788 564 2849 codice
586 2788 609 2848 P
636 2789 775 2851 traditum
803 2790 905 2870 Τέχνη
928 2788 986 2851 τοῦ
1013 2787 1187 2850 πολιτικοῦ
1209 2783 1307 2866 λόγον
1330 2809 1389 2851 uon

220 2892 385 2972 ‘genuinum
408 2911 472 2953 esse
494 2891 590 2972 primo
613 2892 718 2954 obtutu
740 2904 828 2972 patet.
848 2889 849 2892 ’
876 2911 944 2953 uam
975 2910 1030 2964 ars,
1058 2911 1114 2970 qua
1138 2892 1174 2952 de
1196 2892 1326 2954 oratione
1348 2893 1390 2954 ci-

224 2995 274 3056 vili
295 3005 438 3075 ageretur,
462 3013 543 3056 more
566 2995 718 3056 rhetorum
747 2989 847 3076 Τέχνη
873 2990 991 3078 (περὶ)
1019 2994 1064 3054 vel
1089 2995 1191 3076 Τέχνη
1218 2992 1389 3078 (ῥητορικὴ

225 3097 322 3178 περὶ)
356 3097 415 3160 τοῦ
449 3097 621 3160 πολιτικοῦ
654 3093 753 3175 λόγον
783 3097 922 3179 inscripta
951 3105 1037 3158 esset.
1081 3096 1241 3158 Finchhius
1270 3098 1388 3159 titulum

224 3201 348 3285 similem
383 3202 419 3274 ei,
452 3201 508 3263 suh
540 3220 599 3280 quo
625 3199 741 3280 Apsinis
768 3220 814 3262 ars
848 3200 963 3281 saepius
996 3198 1157 3270 laudatur¹‚
1191 3199 1271 3261 hunc
1298 3200 1389 3262 fuisse

224 3305 377 3367 coniecit²:
427 3306 529 3385 Τέχνη
567 3303 645 3386 περὶ
683 3303 746 3365 τῶν
782 3300 949 3383 τεσσάρων
985 3300 1044 3364 τοῦ
1080 3299 1254 3365 πολιτικοῦ
1290 3299 1388 3384 λόχον

223 3408 339 3490 μερῶν.
384 3407 471 3469 huius
505 3407 581 3469 tituli
614 3407 718 3470 indicia
751 3427 815 3470 esse
848 3417 877 3468 et
909 3406 1025 3468 initium
1058 3415 1088 3468 et
1114 3408 1202 3468 finem
1230 3405 1326 3468 libelli.
1372 3426 1388 3468 e

223 3511 318 3572 verbis
340 3510 477 3572 extremis
501 3510 648 3590 Epitomes
672 3512 711 3573 50
727 3545 752 3582 3³
775 3510 918 3574 τοσαῦτα
941 3507 1018 3591 περὶ
1040 3509 1104 3571 τῶν
1126 3509 1184 3570 τοῦ
1206 3505 1306 3586 λόγου
1328 3531 1387 3591 με·

223 3614 287 3697 ρῦν
313 3634 383 3676 sane
412 3613 605 3693 colligendum
634 3622 679 3676 est
705 3615 833 3676 libellum
858 3631 917 3674 uon
946 3611 1063 3673 titulum
1086 3612 1195 3672 codicis
1218 3611 1240 3671 P
1263 3630 1331 3692 prae
1354 3631 1386 3675 se

223 3716 333 3791 tulisse,
355 3717 391 3778 ad
413 3735 500 3796 quem
528 3715 596 3778 solis
626 3718 722 3779 verbis
745 3716 887 3778 τοσαῦτα
910 3711 987 3796 περὶ
1010 3713 1068 3776 τοῦ
1091 3712 1266 3777 πολιτικοῦ
1288 3713 1386 3792 λόγον

222 3819 326 3901 respici
358 3819 517 3900 oportebat.
572 3819 759 3900 potissimum
794 3818 928 3880 Finclxhii
960 3818 1144 3879 coniecturae
1176 3818 1248 3879 fides
1270 3818 1386 3880 additur

222 3923 317 4002 primo
339 3923 426 3985 libelli
448 3923 598 3984 enuntiato
621 3918 639 3985 ὁ
662 3920 833 3993 πολιτικὸς
854 3917 926 4002 ἤτοι
950 3917 1117 3992 δικανικὸς
1139 3917 1234 3997 λόγος
1250 3922 1297 3994 εἷς
1311 3923 1386 3983 τέσ-

223 4041 307 4106 σαρα
329 4027 408 4108 μέρη
432 4024 612 4106 διαιρεῖται
635 4024 676 4086 τὰ
698 4028 905 4107 προκείμενα.
949 4023 979 4082 in
1002 4042 1060 4102 quo
1076 4032 1144 4103 post
1158 4023 1279 4084 verbum
1296 4020 1386 4084 διαι-

290 4229 542 4308 1w1veot1p=
555 4228 658 4282 vllttt
675 4245 687 4280 ι
706 4246 741 4286 οις
757 4229 927 4308 καλΛψίηης
944 4227 1028 4295 φησὶν
1046 4225 1075 4276 ἒν
1092 4243 1129 4306 τη
1144 4226 1206 4314 περὶ
1224 4227 1278 4277 τῶν
1294 4225 1385 4308 μερῶν

221 4298 270 4350 τοῦ
294 4299 433 4351 πολιτικοῦ
457 4288 540 4367 λόγον
559 4299 651 4370 repom
671 4298 702 4349 W
716 4297 750 4349 IV
770 4297 818 4350 712
832 4313 857 4350 21
875 4291 909 4352 ὡς
929 4292 1129 4364 dudensdorp
1145 4295 1208 4362 περὶ
1225 4311 1279 4348 των
1295 4295 1389 4366 μερῶν

220 4366 270 4418 τοῦ
287 4364 474 4504 λόλῦῦνῦλλχῗι
475 4435 541 4487 Post.
555 4433 640 4486 LXIX
659 4433 724 4485 1853
743 4451 765 4500 p.
779 4434 819 4484 ot

275 4519 317 4562 θοι
318 4521 367 4562 niut
359 4519 471 4574 rupim
414 4527 484 4562 tome
1209 4532 1223 4567 c
