3538 5212
861 393 1077 457 ...10-

384 567 420 632 αἰ
451 574 649 633 κατασκευαὶ
679 567 837 653 διάφοροί
868 569 947 645 εἰσι,
978 565 1102 632 πολλά·
1132 568 1169 632 τό
1197 567 1259 650 γάρ
1282 564 1553 648 ὁλοσχερέστεροι)

384 673 419 736 ἰν
431 683 503 750 τοῖς
518 672 576 735 ἰπὶ
592 675 708 755 μέρους
724 668 793 736 ἐστὶ
810 671 1004 757 κυριώτερον
1020 673 1074 735 καὶ
1091 670 1322 754 δυνατώτερον.
1361 673 1410 734 39.
1426 669 1554 754 μᾶλλον

384 771 442 839 οὖν
463 773 610 858 λέγομεν,
635 779 749 860 φησίν,
773 771 824 840 ὅτι
849 781 883 840 ἰν
905 775 975 839 ἐστι
991 781 1182 860 προοίμιον,
1206 775 1281 840 ἐπεὶ
1302 767 1338 837 αἱ
1354 771 1452 838 αὐταί
1468 771 1555 838 ὑπο-

383 877 503 963 λήψεις
526 880 625 943 εἰσίν·
649 877 687 942 οὐ
702 879 764 961 γάρ
780 877 898 963 ἐπειδή
919 878 1042 942 πολλαί
1059 881 1123 943 τῶν
1137 874 1340 964 όπολήφεων
1355 880 1553 960 θεραπεῖαι,

384 980 493 1046 πολλὰ
517 980 668 1066 ζητητέον
683 987 859 1066 προοίμια,
883 979 967 1044 ἀλλά
986 981 1114 1064 μᾶλλον
1128 982 1246 1068 έπειδή
1261 981 1451 1067 ὑπολήψεις
1467 981 1554 1044 εἰσίν
1573 985 1591 1039 5

384 1081 420 1146 αἰ
443 1081 553 1160 αὐταὶ,
578 1088 613 1148 έν
635 1087 720 1147 εἰναι
744 1089 925 1168 προοίμιον
946 1089 1130 1167 νομιστέον.

477 1189 589 1250 Ταῦτα
610 1187 688 1268 περὶ
712 1192 909 1271 προοιμίων.

468 1294 518 1354 40.
543 1291 626 1370 Περὶ
649 1287 685 1352 δὲ
707 1291 763 1373 τῆς
786 1285 970 1375 διηγήσεως
984 1292 1132 1354 τοσαῦτα
1145 1292 1255 1355 εἰπεῖν
1271 1289 1399 1373 ἔχομεν,
1423 1291 1556 1372 πρῶτον

384 1393 490 1458 έκεῖνο
521 1390 684 1468 εἰπόντες,
713 1387 765 1456 ότι
795 1393 913 1478 ἐπειδή
941 1391 1103 1468 πολλάκις
1132 1393 1289 1479 δυσχερής
1315 1390 1395 1478 ήμίν
1418 1390 1435 1457 ὁ
1458 1391 1555 1470 λόγος

382 1501 509 1576 γίνεται
533 1495 591 1558 διά
613 1495 649 1559 τὸ
673 1495 756 1577 πρὸς
779 1497 920 1570 οἰκείους
946 1496 1022 1582 (τήν
1037 1495 1151 1582 δίκην)
1170 1496 1268 1577 ἔχειν,
1292 1495 1351 1582 χρή
1367 1495 1424 1580 τήν
1440 1497 1552 1560 αἰτίαν
1574 1504 1608 1556 10

383 1597 507 1664 τούτων
530 1601 577 1673 εἰς
599 1598 675 1672 τοὺς
697 1595 884 1674 ἀντιδίκους
906 1597 1072 1682 μετάγειν,
1095 1599 1137 1662 τά
1159 1599 1277 1684 πλήθη
1300 1596 1553 1674 ἐπιδεικνύντας

382 1705 447 1768 τῶν
469 1701 681 1787 ἀδικημάτων
698 1695 742 1766 ἀν
761 1699 922 1786 μέλλομεν
937 1700 1079 1782 πάσχειν
1094 1701 1137 1786 μή
1154 1699 1358 1777 ὑποστάντες
1371 1702 1429 1786 τήν
1444 1701 1553 1785 δίκην,

383 1805 403 1890 ή
431 1802 483 1870 ὅτι
513 1807 575 1869 καί,
599 1802 633 1868 οἱ
661 1803 757 1890 νόμοι
789 1808 885 1870 τοῦτο
912 1817 1025 1871 ποιεῖν
1048 1803 1347 1889 συγκεχωρήκασιν·
1371 1801 1474 1880 οὕτως·
1494 1803 1555 1888 γὰρ

384 1905 520 1993 ήγοῦντό
542 1931 634 1982 τινας
656 1902 794 1984 ἀδίκους
817 1909 958 1973 ἔσεσθαι
983 1909 1060 1992 περὶ
1082 1908 1158 1982 τούς
1174 1911 1324 1982 οἰκείους.
1363 1912 1414 1970 41.
1437 1907 1495 1971 έάν
1517 1903 1556 1971 δέ
1577 1915 1609 1966 14

384 2011 481 2100 δοκῇς
512 2010 639 2074 ἄπιστα
665 2011 783 2090 λέγειν,
815 2015 870 2076 καί
900 2010 979 2076 αὐτὸ
1003 2013 1098 2076 τοῦτο
1122 2012 1346 2096 έπισημαίνου
1373 2012 1428 2075 καὶ
1452 2011 1553 2090 έπαγ-
1576 2017 1630 2072 434

276 2162 278 2166 -
382 2112 499 2192 γέλλου
527 2114 661 2190 δείξειν,
695 2109 746 2178 ὅτι
774 2112 886 2199 ἀληθῆ
915 2115 1033 2195 λέγεις,
1063 2112 1105 2190 ἀς
1127 2113 1146 2178 δ’
1170 2119 1389 2200 Δημοσθένης
1412 2116 1466 2197 (23
1489 2118 1556 2195 56)

296 2253 365 2294 Psoi
383 2214 452 2281 <οὐκ
475 2213 583 2294 ἀγνοῶ
605 2218 665 2300 μέν
688 2213 746 2282 οὖν
769 2215 819 2281 ὅτι
842 2219 899 2282 τὸν
915 2217 1128 2302 Χαρίδημον).
1162 2221 1213 2281 42.
1237 2218 1296 2282 έάν
1311 2218 1348 2282 δὲ
1363 2219 1408 2303 τῷ
1423 2217 1530 2296 λέγειν
1549 2219 1553 2298 i

297 2318 469 2405 Ιθιτδπὲρ
497 2319 608 2406 ἑτέρου
636 2320 841 2410 διαβληθής,
872 2322 945 2402 λέγε
973 2320 993 2405 ή
1022 2317 1073 2386 ὅτι
1097 2321 1207 2407 φίλος,
1230 2320 1251 2406 ἢ
1274 2319 1325 2385 ὅτι
1352 2317 1556 2404 έπιεικής,ή

384 2420 434 2488 ὅτι
460 2421 605 2506 ἰδιώτης,
630 2421 648 2507 ή
671 2419 723 2487 ότι
747 2423 899 2501 ἐλεεινός,
923 2423 943 2509 ή
966 2422 1017 2489 ὅτι
1041 2427 1095 2490 σοί
1118 2423 1258 2510 κάκείνῳ
1281 2423 1390 2498 κοινὸς
1417 2417 1555 2502 δάγτόν,

383 2525 403 2611 ή
431 2523 482 2590 ὄτι
510 2529 670 2610 συμφέρει
699 2528 738 2618 τῇ
768 2527 875 2609 πόλει,
907 2527 926 2614 ή
955 2529 1010 2593 καί
1041 2527 1078 2612 νή
1108 2533 1177 2592 Δία
1202 2529 1244 2591 τά
1271 2525 1411 2592 πλείονα
1433 2526 1559 2590 τούτων
1576 2535 1612 2588 10

384 2625 462 2713 ἀμα.
510 2630 561 2692 43.
584 2628 745 2715 χρήσιμον
767 2632 804 2696 δὲ
826 2634 882 2696 καί
904 2632 942 2697 τό
965 2637 989 2712 †
1011 2637 1086 2697 νέον
1108 2635 1155 2706 εἰς
1178 2631 1358 2696 παίδευσιν
1378 2627 1557 2715 ἀναφέρειν

452 2809 466 2858 3
479 2809 598 2877 λέγωμεν
608 2807 630 2858 fi
659 2811 672 2858 1
683 2816 740 2875 post
748 2812 906 2876 προοιμίων
917 2810 1041 2860 secundus
1052 2809 1140 2874 capitis
1150 2809 1228 2859 index
1237 2811 1331 2858 ΠΕΡΙ
1336 2805 1561 2857 ΔΙΗῙΗΣΕΩΝ

384 2876 442 2926 inP
462 2884 534 2928 extat
588 2879 619 2928 10
638 2875 738 2943 έχεινΡ
756 2879 841 2944 λέγειν
853 2877 895 2943 Sp,
914 2875 982 2929 εἰναι
995 2877 1051 2928 Wil
1106 2877 1137 2927 14
1155 2893 1231 2933 τινας
1248 2874 1324 2931 δίκας
1342 2873 1381 2926 ἕο.
1400 2875 1463 2944 περί
1480 2873 1498 2923 P
1518 2890 1571 2935 em,

384 2945 449 3008 wil,
473 2961 544 3002 τινες
561 2943 637 3002 δίκας
655 2947 694 2998 ἕσ.
712 2944 782 3013 πρὸς
800 2947 849 3008 Seg
902 2945 933 2996 22
952 2938 1093 3015 χρήσιμον
1113 2944 1142 2997 δὲ
1159 2941 1203 2996 διά
1221 2941 1250 2994 τό
1269 2945 1330 2994 νέον
1348 2941 1418 2994 εἰναι
1436 2945 1473 2998 εἰς
1492 2945 1556 2992 παί-

383 3012 476 3065 δευσιν
503 3011 650 3082 ἀναφέρειν
675 3007 691 3078 ἢ
713 3018 821 3082 γένεσιν
844 3016 901 3075 Sex,
924 3009 992 3082 ἅμα.
1009 3012 1057 3066 ἰὰν
1081 3012 1111 3067 δὲ
1134 3013 1177 3065 δτά
1201 3011 1232 3063 τὸ
1256 3015 1315 3068 νέος
1337 3009 1406 3064 εἰναι
1424 3011 1481 3075 (sol.
1500 3009 1557 3062 δια-

382 3081 502 3152 βληθής),
520 3084 557 3138 εἰς
576 3081 723 3135 παίδευσιν
740 3079 860 3153 ἀνάφερε
878 3079 894 3148 ἢ
911 3087 1018 3151 γένεσιν
1033 3081 1057 3133 iz

449 3245 482 3311 §5
501 3243 733 3296 411-48Νεοο11ε.
768 3243 835 3310 §40
859 3239 942 3311 πρὸς
965 3244 1113 3300 οἰκείους
1136 3240 1188 3294 κτὲ
1206 3242 1287 3292 Anax.
1307 3240 1363 3320 Sp'l
1381 3241 1430 3292 230
1445 3259 1457 3295 ε
1475 3242 1504 3292 αί
1525 3233 1557 3294 δέ

382 3313 528 3378 (διαβολαί)
550 3314 613 3381 περὶ
635 3309 665 3364 τὸ
687 3314 803 3384 πρᾶγμα
826 3315 1034 3379 συμβαίνουσαι,
1056 3303 1105 3364 ἐάν
1126 3329 1166 3368 τις
1187 3327 1411 3379 πραγματευηται
1429 3308 1500 3378 πρὸς
1517 3312 1556 3362 οἰ-

381 3387 469 3438 κείους
496 3383 593 3449 φίλους
618 3375 634 3445 ἢ
662 3383 752 3440 ξένους
777 3375 794 3444 ἢ
822 3379 918 3436 ἰδίους·
956 3381 1043 3434 23099
1069 3377 1117 3437 τὰς
1140 3377 1171 3432 δὲ
1196 3381 1260 3447 περὶ
1283 3375 1312 3430 τὸ
1336 3378 1451 3446 πρᾶγμα
1475 3373 1557 3436 οὕτως

381 3441 564 3517 ἀπωσόμεθα,
592 3447 641 3512 τὴν
664 3451 757 3501 αἰτίαν
774 3452 812 3505 εἰς
829 3444 877 3499 τὸν
895 3447 1017 3500 ἐναντίον
1034 3449 1185 3519 τρέποντες.
1223 3448 1296 3497 Dion.
1315 3449 1345 3496 δυ
1364 3447 1459 3514 Lys.V
1479 3450 1555 3502 500⁵

277 3579 282 3592 ι
382 3515 502 3574 ἅπαντες
520 3556 540 3569 ..
559 3518 795 3585 παραγγέλλουσιν
814 3519 841 3568 ol
855 3507 1050 3586 συνταξάμενοι
1062 3513 1110 3572 τὰς
1121 3518 1224 3582 τέχνας,
1245 3509 1310 3566 ὅταν
1324 3506 1340 3584 ᾖ
1353 3511 1424 3585 πρὸς
1438 3516 1556 3572 οἰκείους

382 3584 397 3638 ὁ
422 3582 503 3655 ἀγὼν,
526 3589 647 3647 σκοπεῖν,
671 3583 745 3641 ὅπως
765 3584 804 3653 μὴ
823 3587 976 3652 πονηροὶ..
998 3585 1024 3634 οί
1041 3582 1187 3655 κατήγοροι
1205 3577 1382 3648 φανήσονται.
1417 3576 1557 3636 κελεύουσί

381 3673 408 3708 τε
426 3655 538 3720 πρῶτον
553 3655 604 3734 μὲν
620 3652 667 3719 τὴν
685 3657 777 3707 αἰτίαν
795 3656 833 3710 εἰς
849 3651 910 3710 τοὺς
923 3651 1077 3709 ἀντιδίκους
1090 3650 1260 3723 περιιστάναι
1273 3653 1319 3702 καὶ
1331 3654 1378 3703 τοῦ
1389 3644 1556 3720 ἐγκλήματος

382 3724 491 3776 καὶτοῦ
509 3720 621 3790 ἀγωνος.
654 3717 669 3788 ἢ
688 3719 703 3774 ὅ
710 3740 737 3772 τι
759 3721 813 3774 κτὲ
832 3726 877 3774 Ιιοο
896 3723 966 3772 inodo
986 3723 1178 3787 interpretanda
1196 3729 1266 3774 sunt:
1294 3722 1363 3785 leges
1384 3737 1428 3772 οοο
1447 3723 1555 3772 incitant

382 3795 413 3844 οδ
436 3793 616 3855 accusandum
645 3793 827 3857 praevidebant
850 3793 915 3843 enini
940 3807 987 3838 οοο
1011 3789 1097 3840 defore
1120 3792 1163 3856 qui
1184 3800 1234 3841 ίιιιι
1258 3789 1350 3840 iniusti
1373 3799 1460 3840 essent
1482 3805 1554 3856 quam

374 3861 524 3912 ‘necessarii
544 3861 592 3910 mni
611 3869 678 3911 sunt.
714 3861 730 3925 χ’
749 3862 779 3912 41
801 3862 883 3911 Anax.
902 3858 1051 3925 8ρ1218σ
1070 3860 1093 3910 εἰ
1112 3858 1143 3910 δὲ
1160 3855 1299 3914 ἀπίθανος
1316 3853 1342 3920 (ὁ
1362 3850 1441 3926 λόγος
1458 3859 1554 3921 ἐστίν),

382 3927 580 3996 ὑπισχνεῖσθαι
607 3928 659 3992 δεῖ,
687 3924 722 3985 ὠς
749 3925 838 3994 ἀληθῆ
865 3928 1005 3985 ἐπιδείξεις
1026 3925 1073 3978 ἰπὶ
1095 3931 1143 3978 τοῦ
1167 3917 1258 3994 λόγου.
1295 3925 1433 3979 9121999
1456 3923 1507 3978 ὅσα
1531 3925 1556 3976 δ’

382 3993 417 4051 ἀν
441 3999 505 4048 λίαν
531 3992 634 4047 ἀπιστα
663 4001 809 4069 συμβαίνῃ,
836 3995 880 4048 δεῖ
899 3997 1087 4062 παραλείπειν.
1126 3991 1174 4048 ίάν
1197 3995 1227 4046 δὲ
1248 3993 1399 4060 ἀναγκαῖον
1421 3988 1437 4065 ᾗ
1458 3997 1554 4060 λέγειν,

382 4064 476 4118 εἰδότα
489 4063 530 4116 δεῖ
540 4070 705 4132 φαίνεσθαι.
719 4104 724 4116 .
737 4068 782 4116 καὶ
795 4058 938 4127 προϊόντος
947 4065 995 4113 τοῦ
1004 4059 1242 4129 λόγουέπιδείξειν
1251 4059 1339 4127 ἀληθῆ
1350 4059 1554 4130 ὑπισχνεῖσθαι.

382 4135 398 4200 §
417 4135 448 4185 42
469 4138 546 4184 Anax.
566 4133 621 4200 Spi
641 4135 690 4184 230
704 4151 728 4187 οι
746 4132 795 4186 ἐὰν
813 4133 840 4186 δὲ
860 4130 927 4200 ὑπὲρ
946 4127 1029 4183 ἀλλου
1048 4134 1134 4203 λέγῃς,
1152 4131 1245 4203 ῥητέον
1257 4127 1292 4186 ὠς
1304 4127 1351 4182 διά
1365 4134 1462 4200 φιλίαν
1475 4147 1555 4196 συνη-

381 4206 476 4274 γορεῖς,
501 4195 577 4265 ἣδι’
598 4202 702 4269 ἔχθραν
725 4205 772 4253 τοῦ
798 4199 945 4264 ἀντιδίκου,
977 4195 993 4266 ἢ
1020 4197 1065 4252 διὰ
1093 4197 1124 4252 τό
1152 4203 1207 4257 τοῖς
1232 4191 1377 4270 πράγμασι
1405 4201 1555 4271 παραγενέ-

384 4275 458 4330 σθαι,
477 4265 494 4336 ἢ
513 4267 557 4321 δτά
575 4268 606 4321 τὸ
625 4271 663 4338 τῷ
680 4273 764 4337 κοινῷ
781 4273 929 4340 συμφέρον,
947 4264 963 4334 ἢ
983 4265 1075 4320 διὰτὸ
1093 4268 1197 4340 ἔρημον
1214 4267 1340 4320 εἶναικαὶ
1357 4263 1515 4319 ἀδικεῖσθαι
1534 4255 1555 4336 ᾧ

383 4342 545 4406 συνηγορεῖς.
581 4338 613 4404 ἓξ
632 4343 672 4398 43,
691 4341 723 4390 44
742 4339 774 4389 τί.
793 4341 823 4388 de
842 4339 1071 4402 criminationibus,
1094 4355 1157 4404 ηοοο
1177 4346 1304 4388 oratorem
1324 4345 1429 4403 propter
1446 4345 1554 4388 aetatem

384 4410 541 4471 contingunt,
568 4410 649 4458 Αοοκ.
668 4407 722 4472 spi
743 4407 836 4471 21699,
864 4408 912 4456 211
929 4426 948 4470 ι,
972 4406 1021 4456 229
1034 4422 1069 4472 99,
1087 4406 1182 4462 231119.
1219 4405 1285 4471 §43
1305 4407 1384 4456 Αοιιττ.
1405 4405 1555 4472 8ρ12179
