3538 5212
838 349 1059 414 -34..

361 521 546 600 σχολικοίς,
570 526 606 591 ἐν
640 525 690 600 οἷς
717 526 793 611 περὶ
826 522 1091 610 ἐπιχειρημάτων
1118 525 1288 609 ἐλέγομεν,
1318 525 1526 609 ἐδιδάξαμεν.

362 623 477 708 ῥητέον
503 627 540 690 δέ
567 630 623 692 καὶ
650 630 708 694 νῦν
735 630 776 693 τὰ
802 626 1028 714 παρακείμενα
1059 626 1150 719 αὐτῇ.
1195 629 1394 713 παράκειται
1417 632 1532 692 τοίνυν

361 728 400 817 τῇ
423 727 509 817 μάχη
532 732 589 795 καὶ
611 732 652 795 rol
674 732 808 797 ἐναντία
830 735 885 796 καί
900 733 941 796 τὰ
957 730 1175 816 ἀντικείμενα.
1219 737 1251 795 τί
1267 733 1304 796 δὲ
1319 731 1441 796 τούτων
1457 730 1530 794 ἑκό-

361 855 456 914 τερον
478 833 644 920 διαφέρει,
669 835 796 920 ῥητέον·
813 833 1023 920 ἀντικείμενα
1037 836 1098 920 μὲν
1113 832 1172 900 οὖν
1187 835 1290 912 ἐστιν,
1308 829 1353 900 ὧν
1367 835 1403 898 τὸ
1421 839 1532 919 ἕτερον

361 937 419 998 τοῦ
442 934 552 1017 ἑτέρου
575 936 787 1022 ἀποφατικόν
809 939 908 1004 ἐστιν.
952 939 1086 1006 ἐναντία
1101 938 1138 1002 δὲ
1161 935 1232 1002 ὅσαΙ
1247 933 1325 1021 περὶ
1351 937 1408 1001 τὸν
1430 934 1567 1002 αάτδνῖι

364 1035 471 1102 τόπον
492 1039 698 1125 στρεφόμενα
722 1043 879 1106 πλεῖστον
901 1039 1049 1127 ἀλλήλων
1071 1041 1202 1123 ἀπέχει·
1225 1041 1290 1106 τοῖν
1317 1041 1354 1104 δὲ
1376 1039 1533 1105 ἐναντίων

361 1140 404 1204 τὰ
425 1145 485 1224 μέν
501 1143 572 1207 έστι
588 1145 773 1230 στερητικά,
789 1145 830 1207 τὰ
845 1145 882 1208 δέ
898 1143 936 1210 οὐ
952 1145 1134 1230 στερητικαὶ.
1179 1143 1353 1228 στερητικά
1370 1148 1442 1223 μέν,
1460 1143 1532 1210 οἷον

362 1246 456 1328 τέχνη
474 1243 627 1328 ἀτεχνία,
651 1245 690 1312 οά
706 1249 877 1332 στερητικά
892 1249 940 1325 δέ,
966 1248 1038 1313 οἷον
1058 1247 1190 1327 ἀγαθον
1206 1247 1314 1311 κακόν.
1362 1249 1429 1310 180.
1453 1245 1472 1330 ή
1495 1245 1532 1310 δὲ
1551 1254 1606 1308 450

363 1343 504 1430 δυ’ναμις
533 1347 616 1414 ἀκτώ
645 1351 810 1434 διαφορὰς
837 1352 903 1432 ἔχει
932 1350 1127 1426 ἀκολούθως
1156 1376 1194 1440 τη
1224 1354 1282 1415 τοῦ
1309 1353 1533 1434 συμφέροντος

361 1449 541 1535 διαιρέσει·
569 1452 772 1537 λαμβάνεται
799 1454 861 1538 γὰρ
888 1456 924 1520 τό
955 1459 1123 1540 συμφέρον
1152 1455 1187 1518 ἐκ
1222 1457 1280 1518 τοῦ
1308 1449 1444 1532 ἀχαθοῦ
1474 1453 1531 1516 καὶ
1552 1465 1587 1517 10

360 1555 420 1618 τοῦ
447 1557 566 1630 κακοῦ,
595 1557 650 1618 καί
678 1557 765 1620 καθ’
792 1555 944 1642 ἑκάτερον
973 1560 1148 1642 τετραχῶς·
1178 1557 1213 1620 έκ
1235 1558 1296 1640 μὲν
1317 1559 1374 1621 τοῦ
1397 1555 1531 1635 ἀχαθοῧ

361 1657 485 1740 κτῆσις,
518 1656 667 1744 αὔξησις,
697 1657 843 1747 τήρησις,
877 1659 1003 1745 ὄνησις,
1038 1661 1074 1724 ἐκ
1100 1660 1138 1724 δέ
1165 1663 1223 1724 τοῦ
1246 1663 1347 1726 κακοῦ
1375 1657 1529 1734 ἔκκλισις,

365 1814 682 1826 —-————

429 1897 512 1948 2νῦν
533 1897 614 1948 καὶΡ
633 1913 671 1948 em
689 1897 722 1964 Sp
775 1895 897 1964 δὲτέρου
915 1898 1022 1963 scripsi:
1040 1891 1154 1964 λόγουΡ
1185 1896 1193 1965 ΙΙ
1222 1898 1275 1948 τῶν
1298 1893 1386 1948 αὐτῶν
1408 1892 1532 1948 τόπωνΡ

361 1979 400 2014 em
413 1965 446 2031 sp
499 1966 530 2016 12
548 1966 638 2031 κτῆσις
650 1967 696 2032 Sp:
715 1967 834 2022 κτίσιςΡ
864 1965 872 2032 ll
902 1958 1012 2036 τήρησις
1029 1967 1136 2033 scripsi:
1155 1964 1273 2037 κρίσιςΡ

429 2169 647 2241 ἀντικείμενα
664 2175 724 2244 μὲν
741 2175 794 2227 κτὲ
814 2177 884 2228 Sext.
897 2177 967 2242 Emp.
980 2179 1037 2229 adv.
1050 2178 1127 2228 math.
1140 2175 1196 2228 VIII
1208 2176 1239 2227 89
1259 2177 1329 2244 φασί
1346 2176 1450 2239 (Stoici)
1467 2170 1532 2242 χάρ·

360 2237 533 2311 ἀντικείμενά
554 2245 636 2308 ἔστιν,
663 2231 702 2295 ὧν
724 2243 754 2294 τὸ
779 2242 869 2310 ἕτερον
892 2244 939 2295 τοῦ
961 2244 1052 2308 ἑτέρου
1070 2239 1213 2314 ἀποφάσει
1230 2241 1374 2303 πλεονάζει.
1413 2245 1484 2307 Diog.
1504 2245 1532 2294 L.

360 2311 449 2363 thtt
471 2312 525 2364 τῶν
549 2306 728 2382 ἀξιωμάτων.
744 2310 965 2384 ..ἀντικείμενα
991 2310 1113 2376 ἀλλήλους
1138 2313 1220 2377 ἐστίν,
1247 2301 1285 2366 ὧν
1310 2311 1340 2363 τὸ
1367 2309 1458 2382 ἕτερον
1484 2312 1533 2364 τοῦ

360 2379 454 2448 ἑτέρου
472 2379 544 2431 ἐστὶν
562 2378 744 2449 ἀποφατικόν,
763 2380 868 2432 oterolo
886 2379 988 2451 «ἡμέρα
1007 2380 1079 2430 ἐστὶ»
1097 2382 1142 2431 καὶ
1159 2377 1188 2431 τὸ
1202 2375 1269 2447 «οὐχ
1284 2377 1371 2448 ἡμέρα
1384 2378 1462 2432 ἔστί».
1500 2380 1531 2431 ef.

361 2448 502 2498 Prantlium
523 2447 607 2499 Gerelu
626 2451 671 2501 der
688 2449 793 2515 Legllrl
811 2466 832 2514 p.
846 2450 904 2500 449.
925 2451 977 2500 Cie.
996 2449 1027 2498 de
1039 2447 1115 2499 Inv.I
1133 2449 1194 2513 §42
1212 2449 1374 2516 disparatum
1390 2455 1476 2499 autem
1494 2453 1533 2499 eet

360 2515 394 2580 to,
407 2515 475 2580 ηαοοί
484 2519 515 2566 ab
527 2517 615 2583 aliquo
628 2535 656 2569 re
666 2521 853 2586 praepositione
864 2521 1008 2584 negationes
1020 2521 1164 2584 reparetur,
1182 2519 1228 2568 λοο
1238 2519 1329 2569 moda:
1351 2533 1438 2584 sapere
1449 2521 1474 2567 et
1484 2533 1532 2567 oon

360 2599 455 2650 rapere,
491 2584 503 2635 ἐ
508 2602 587 2637 ναντ
596 2589 608 2636 ί
613 2606 630 2637 α
642 2585 697 2638 xre
709 2587 789 2637 Arist.
802 2587 855 2637 Cet.
867 2604 887 2651 p.
903 2589 950 2636 lta
961 2603 986 2640 ιτ
998 2584 1033 2636 τὰ
1045 2585 1099 2653 γὰρ
1109 2587 1238 2637 πλεῖστον
1247 2578 1369 2649 ἀλλήλων
1378 2580 1533 2650 διεστηκότα

359 2653 414 2703 τῶν
432 2653 461 2704 ἐν
478 2654 516 2718 τῷ
533 2648 606 2720 αὐτῷ
624 2656 696 2721 γένει
714 2654 820 2704 έναντία
838 2651 982 2719 ὁρίζονται.
1022 2655 1073 2704 Cie.
1094 2657 1124 2704 de
1137 2653 1212 2705 Iev.l
1231 2653 1291 2718 §42
1311 2657 1533 2716 contrarietatem,

360 2719 426 2786 pund
447 2725 561 2788 peritum
583 2726 612 2773 io
633 2739 728 2789 genere
748 2722 845 2773 diuerso
867 2724 898 2772 ol
920 2722 1003 2772 eodem
1026 2724 1055 2783 (l.
1071 2739 1164 2788 genere
1186 2723 1273 2773 eodem
1295 2725 1327 2772 ab
1350 2722 1467 2786 diuerso),
1493 2725 1536 2773 eui

362 2793 523 2840 eontrarium
540 2791 644 2854 dieitur,
660 2791 806 2859 plurlmum
824 2791 911 2853 distat,
928 2796 956 2842 ot
968 2794 1065 2858 frigor
1082 2793 1169 2842 colori.
1206 2793 1257 2842 Cic.
1276 2790 1338 2856 Top.
1352 2790 1368 2854 ξ
1381 2790 1413 2840 lt
1432 2795 1532 2841 eontra·

360 2861 459 2908 riorum
481 2859 540 2920 (hoe
565 2861 665 2910 nomine
683 2861 699 2908 1.
720 2860 737 2908 I.
757 2863 840 2910 omnia
859 2876 888 2910 ea
906 2860 1091 2922 significentur,
1114 2875 1177 2925 quae
1195 2861 1263 2909 inter
1282 2875 1309 2909 se
1329 2859 1445 2925 opposita
1464 2862 1533 2920 sunt)

360 2931 447 2978 autem
462 2942 559 2992 genero
575 2929 664 2994 plura:
689 2944 770 2978 eoum
787 2943 882 2991 eorum,
900 2944 962 2994 ηαοο
979 2931 1005 2977 io
1024 2927 1110 2978 eodem
1124 2943 1219 2993 genere
1234 2927 1379 2994 plurimum
1397 2926 1532 2990 differunt,

360 2999 388 3046 υί
405 2999 536 3062 sapientia,
554 2996 681 3046 stultitia.
696 3034 701 3045 .
717 3035 722 3046 .
737 3035 742 3046 .
763 2998 823 3046 leaeo
834 3013 896 3060 ηυοε
907 3013 940 3046 eto
952 2997 1039 3047 eodem
1049 3013 1142 3062 genere
1154 2999 1284 3046 contraria
1296 3001 1363 3056 sunt,
1379 2994 1534 3061 appellantur

361 3063 467 3114 aduersa
484 3066 529 3124 (=
546 3061 576 3115 οὐ
597 3061 737 3132 στερητική
756 3081 818 3130 quae
836 3064 945 3115 Neocles
964 3067 1045 3128 dicit).
1081 3070 1140 3115 εαιιί
1156 3067 1224 3115 euim
1241 3063 1293 3114 alia
1310 3067 1447 3125 contrariu,
1470 3079 1535 3129 quae

357 3134 489 3198 privantia
516 3133 572 3183 lieet
598 3132 749 3200 appellemus
777 3131 875 3198 Latiae,
904 3131 993 3184 Graeci
1017 3134 1144 3200 appellaret
1171 3127 1323 3198 οτερητικά,·
1348 3134 1534 3200 praepositivae

361 3204 428 3250 enim
445 3204 499 3251 ‹tn›
515 3204 634 3268 privatur
651 3203 754 3252 veroum
772 3217 802 3251 eo
817 3205 849 3264 oi,
867 3203 1063 3267 perambulent,
1081 3205 1106 3251 ω’
1116 3205 1171 3253 ‹in›
1181 3206 1353 3268 praeparatum
1365 3201 1533 3264 reposuisset,

362 3269 488 3332 digniter,
505 3269 658 3335 indigmitor.
693 3270 709 3334 §
724 3271 770 3322 180
785 3269 870 3334 Quint.
886 3271 906 3320 V
919 3271 949 3319 10
962 3287 988 3323 ee
1004 3270 1130 3320 deceantur
1145 3273 1225 3336 igitur
1237 3273 1391 3352 argumenta
1402 3284 1437 3318 ere
1449 3271 1534 3318 cauete

362 3339 492 3392 laetorum
509 3337 547 3387 vel
555 3340 728 3404 futororum:
751 3354 857 3404 quarum
875 3341 1020 3400 materiam,
1043 3354 1118 3402 paam
1137 3338 1240 3402 quidam
1263 3340 1329 3402 υλην
1351 3338 1398 3387 olii
1417 3331 1535 3403 δύναμιν

361 3407 562 3469 nominaverant,
588 3409 615 3456 ire
638 3407 688 3456 duo
707 3422 804 3472 genero
830 3406 875 3456 aed
895 3411 1032 3472 quaternos
1054 3409 1186 3472 υίνίαεηαε
1206 3407 1320 3457 dividunt
1337 3409 1437 3472 speeies.
1474 3421 1534 3455 nam

355 3474 419 3538 sere
436 3479 553 3524 vereatur
571 3478 639 3525 ratio
654 3474 775 3539 sapiendi
792 3478 861 3524 eirea
879 3477 1001 3526 bonorum
1023 3474 1186 3540 adoptionem,
1214 3479 1406 3538 incrementum,
1433 3487 1533 3524 conaer-

361 3543 496 3606 ualiooem‚
515 3559 598 3606 αετιαι,
617 3549 662 3594 aut
679 3544 803 3594 malorum
821 3546 992 3606 evitationem,
1010 3543 1188 3607 liberationem,
1205 3545 1408 3606 inminutionem,
1425 3542 1535 3592 tolerare-

363 3612 434 3658 tiom.
472 3612 574 3674 plurimi
603 3613 742 3674 rhetorum,
770 3613 812 3674 qui
837 3613 989 3662 divisionem
1012 3613 1059 3661 τοῦ
1084 3613 1273 3679 συμφέροντος
1298 3619 1424 3662 tractent:
1452 3611 1532 3661 Anax.

363 3679 394 3742 Sp
406 3676 417 3726 I
432 3678 478 3728 175
491 3695 525 3744 eo,
544 3680 651 3730 Aristid.
665 3681 698 3745 Sp
710 3678 731 3729 II
745 3680 793 3729 503
807 3697 832 3732 ee
844 3682 888 3741 (=
901 3680 1004 3748 Syrieui
1017 3679 1100 3730 Sehnl.
1114 3682 1144 3730 de
1157 3680 1221 3730 Stet.
1236 3681 1270 3731 W
1282 3679 1315 3730 IV
1330 3683 1386 3741 701,
1400 3680 1442 3728 ubi
1456 3681 1534 3729 verbu

363 3746 472 3795 Aristid.
491 3745 525 3812 Sp
538 3746 559 3796 II
577 3749 626 3798 503
639 3749 779 3801 ee-50431
800 3750 929 3814 exscripta
947 3756 1014 3798 sunt.
1051 3749 1138 3798 verbis
1158 3749 1237 3810 igitur
1257 3749 1289 3798 W
1302 3747 1337 3800 IV
1350 3747 1425 3798 7029
1444 3748 1534 3797 lacuna

363 3814 396 3880 Sp
412 3812 434 3863 II
453 3816 502 3864 504
516 3831 540 3867 ee
559 3817 697 3881 expletur),
726 3817 841 3879 Hermog.
861 3820 890 3866 de
909 3817 973 3866 Stat.
994 3817 1026 3882 Sp
1044 3816 1065 3867 II
1085 3818 1133 3867 164
1146 3833 1178 3878 ee,
1207 3819 1331 3884 Syriaeue
1346 3816 1376 3865 W
1391 3813 1425 3865 IV
1439 3816 1486 3864 738
1499 3831 1534 3876 ee,

364 3882 517 3947 SopaterW
535 3882 567 3933 IV
583 3885 631 3934 743
648 3901 667 3946 t,
695 3892 814 3950 quattuor
840 3893 914 3950 topos
940 3885 989 3934 τοῦ
1015 3887 1205 3954 συμφέροντος
1230 3892 1385 3945 enumerant,
1413 3883 1534 3932 bonorum

364 3952 532 4014 adeptionem,
561 3955 789 4010 conservationem,
818 3955 937 4003 malorum
962 3953 1137 4019 evitationem,
1160 3954 1344 4012 liberationem,
1368 3967 1428 4018 ques
1448 3950 1534 4015 Quint.

365 4020 485 4069 nominat.
501 4021 625 4086 Anonym.
639 4021 722 4072 Sehol.
737 4022 767 4070 de
780 4021 844 4071 Stet.
859 4019 891 4070 W
905 4020 949 4072 VII
962 4021 1011 4070 602
1025 4038 1050 4073 eo
1063 4025 1139 4072 etiam
1151 4023 1301 4072 inerementi
1314 4029 1340 4072 et
1352 4020 1535 4070 imminutionis

364 4089 516 4138 mentionem
540 4087 610 4138 feeit.
647 4088 679 4140 ei.
698 4091 728 4140 de
752 4090 926 4139 imminutione
951 4098 977 4140 et
995 4087 1081 4140 Geom.
1101 4090 1134 4140 W
1150 4090 1171 4140 II
1190 4091 1285 4142 32922.
1320 4089 1437 4154 κτῆσις
1456 4090 1535 4137 Anax.

363 4157 417 4205 τῶν
439 4153 477 4224 μὴ
501 4154 661 4223 προσόντων
681 4153 817 4225 (ἀγαθῶν)
839 4159 937 4219 κτῆσις.
973 4154 1109 4227 τήρησις
1127 4160 1234 4209 Aristid.
1252 4153 1361 4230 τήρησις
1383 4143 1421 4207 ὧν
1438 4155 1537 4223 ἔχομεν

364 4218 486 4289 ἀγαθῶν.
522 4225 672 4282 ἔκκλισις
695 4227 789 4276 dieitur
812 4225 842 4274 eb
861 4229 941 4276 Anax.
961 4225 1015 4278 τῶν
1037 4225 1274 4294 προσδοκωμένων
1290 4217 1458 4294 γενήσεσθαι
1474 4226 1536 4288 βλα-

365 4291 451 4360 βερῶν
470 4289 637 4356 διακόλυσις,
655 4295 686 4344 ab
700 4293 808 4345 Aristid.
827 4289 941 4350 κώλυσις
959 4297 1117 4360 (corruptum
1137 4296 1162 4345 in
1179 4287 1321 4352 κατάλυσις
1333 4293 1368 4347 W
1381 4291 1425 4346 VII
1438 4293 1484 4344 701
1500 4297 1536 4356 τε)

368 4362 425 4410 ταῖν
442 4361 648 4430 ἐπιφερομένων
665 4362 762 4415 κακῶν.
