3538 5212
697 409 916 475 ..ιη-

268 584 310 663 ὥς
329 611 416 663 τινες
436 585 606 672 ᾠήθησαν,
631 589 785 669 ἐπίλογος
808 589 972 672 κέκληται,
1001 585 1084 652 ἀλλὰ
1106 587 1200 671 παροὶ
1222 589 1259 652 τὸ
1279 594 1391 674 μηκέτι
1475 647 1476 652 ,

267 694 353 755 εἶναι
376 695 473 774 μέρος
494 689 593 770 λόγον
616 690 697 756 ἄλλο
713 694 748 757 τὸ
765 693 849 776 μετὰ
862 691 920 774 τὴν
936 689 1089 775 διήγησιν
1105 693 1159 755 καί
1174 693 1232 767 τὰς
1248 697 1390 770 πίστεις,

269 795 346 880 (την
373 791 683 879 ἀνακεφαλαίωσιν)
713 797 768 859 καί
790 795 831 859 τὰ
853 792 966 878 πάθη·
995 790 1131 878 ὅτιγὰρ
1156 792 1193 859 οὗ
1216 795 1274 860 διὰ
1295 797 1391 861 τοῦτο

173 901 185 914 ”
266 898 418 981 κέκληται
440 897 607 976 ἐπίλογος,
631 897 689 962 διολ
710 899 747 964 τὸ
770 899 870 963 παντὶ
898 895 983 982 λόγῳ
1007 897 1241 977 ἐπιλέγεσθαι,
1273 897 1391 974 ἱκανῶς

266 999 435 1085 ἐδήλωσαν
458 999 491 1064 οἳ
514 998 659 1082 ἀρχαῖοι.
706 1004 925 1086 Δημοσθένης
947 1001 1002 1063 καὶ
1027 998 1336 1086 ἀνεκεφαλαιιίσατο
1359 1001 1393 1064 έν

266 1101 354 1188 μέσῳ
377 1104 431 1166 καὶ
452 1104 509 1178 τὰς
524 1104 717 1180 δεινωτικοὶς
733 1101 813 1180 ὕλας
828 1107 1052 1186 παρέσπειρεν
1067 1101 1192 1188 ἑκάστῳ
1209 1104 1390 1190 κεφαλαίῳ,

265 1203 350 1289 ἅπερ
377 1207 446 1270 ἐστὶ
474 1210 533 1272 τοῦ
560 1208 730 1287 έπιλόγοο.
779 1209 852 1270 237.
875 1207 1029 1291 διαφέρει
1057 1204 1093 1268 δὲ
1115 1204 1133 1270 δ
1156 1205 1312 1288 ἐπίλογος
1332 1211 1392 1272 τοῦ

265 1315 448 1394 προοιμίου
470 1312 525 1374 καὶ
548 1311 631 1374 κατὰ
652 1311 712 1395 την
734 1311 823 1384 λέξιν
845 1311 900 1373 καὶ
923 1309 1006 1372 κατὰ
1025 1307 1084 1393 την
1099 1304 1272 1375 διοίνοιαν·
1311 1312 1394 1375 κατὰ

264 1415 325 1498 μὲν
346 1413 403 1497 την
425 1411 525 1490 λέξιν,
549 1410 601 1478 ὅτι
625 1414 660 1478 έν
675 1413 787 1499 ἐκείνῳ
804 1415 864 1497 μὲν
879 1417 1015 1497 μετρίαν
1035 1415 1118 1475 εἶναι
1135 1413 1258 1476 δεῖκαὶ
1274 1411 1390 1497 η’πίαν,

267 1516 302 1581 έν
328 1516 431 1600 τούτῳ
461 1517 498 1580 δὲ
526 1521 798 1602 σογκεκινημένην
825 1517 880 1579 καὶ
908 1515 1034 1590 πολλὰς
1056 1513 1231 1600 ἐμβοήσας
1253 1517 1392 1596 ἔχουσαν

264 1621 319 1684 καὶ
343 1617 598 1703 σχετλιασμοιίς·
629 1621 711 1684 κατὰ
733 1621 844 1705 δὲτὴν
859 1616 1026 1694 διάνοιαν,
1043 1617 1094 1682 ὅτι
1118 1619 1186 1681 ἐκεῖ
1201 1618 1261 1701 μὲν
1275 1619 1392 1695 πάθος

265 1723 448 1808 ἐμποιῆσαι
471 1722 535 1800 δεῖ,
560 1725 707 1788 ἐνταῦθα
730 1725 767 1787 δὲ
790 1723 944 1801 προῦπὸν
965 1719 1105 1806 αὐξῆσαι
1122 1723 1177 1784 καί
1195 1722 1389 1808 ἐπιρρῶσαι.

264 1827 336 1889 238.
360 1824 380 1910 ἡ
400 1826 436 1890 δὲ
459 1825 613 1910 ἑρμηνεία
637 1827 691 1890 καὶ
719 1825 807 1890 ποίνο
823 1849 894 1901 πως
917 1823 1055 1909 ἁρμόζοι
1081 1823 1175 1910 (ἄν),
1200 1828 1232 1888 ελ
1245 1831 1392 1908 θρασεῖα

260 1929 389 2012 εἴηκαὶ
411 1928 644 2014 τετολμημένη,
669 1931 725 1994 καὶ
748 1927 767 2015 ἢ
789 1955 823 1993 τε
845 1929 931 2004 λέξις
954 1927 1080 2011 πολλὴν
1099 1927 1219 2008 ἔχουσα
1237 1927 1297 2013 τήν
1317 1954 1391 2013 τρο-

171 2039 203 2092 15
265 2030 367 2115 πικην
394 2030 619 2117 παρασκευήν,
649 2031 669 2118 ἦ
695 2059 729 2096 τε
756 2030 914 2105 σύνθεσις
936 2036 959 2110 †
982 2035 1181 2116 κεκενωμένη
1205 2032 1260 2094 καί
1283 2056 1391 2114 παρα-

264 2136 403 2197 κινοῦσα
430 2136 489 2220 την
514 2132 632 2220 ψυχήν.
682 2136 738 2198 καί
764 2133 801 2199 τδ
830 2137 938 2219 σχῆμα
965 2135 1002 2198 δὲ
1030 2134 1266 2218 σχετλιασμοδς
1292 2136 1389 2216 ε’χέτω

264 2237 320 2299 καί
343 2235 438 2318 εὐχὰς
460 2239 514 2300 καί
537 2238 744 2304 τὰτοιαῦτα.

306 2340 377 2402 239.
415 2345 444 2403 Γ
441 2337 581 2406 νωστέον
612 2340 648 2405 δὲ
676 2338 727 2406 ὅτι
755 2341 796 2403 τοὶ
823 2339 921 2424 πάθη
949 2342 1003 2403 καὶ
1031 2340 1066 2402 ἐν
1092 2352 1163 2415 τοῖς
1195 2341 1389 2425 κεφαλαίοις

288 2477 304 2543 ᾖ
324 2478 371 2528 237
390 2479 431 2529 ΕΡ
450 2479 518 2531 Prol.
534 2481 568 2532 W
581 2481 626 2531 VH
645 2482 677 2531 27
691 2497 782 2540 1e—183
803 2481 845 2530 All
864 2480 979 2531 Marcell.
994 2479 1027 2529 W
1041 2479 1074 2530 Ν
1093 2481 1143 2531 428
1157 2497 1222 2534 ι--εο

289 2630 350 2680 aaa
370 2635 411 2682 del
429 2633 479 2696 Seg
496 2643 523 2684 et
539 2635 572 2700 Sp
624 2635 710 2684 3κα1
728 2630 760 2683 τὰ
780 2628 857 2696 πάθη
876 2634 918 2683 del
936 2629 1061 2698 διαέρια
1081 2626 1159 2698 πάθη
1172 2634 1220 2696 Sag
1273 2635 1389 2702 ὓπαρέ-

220 2698 462 2768 naapavPemSeg
508 2699 611 2771 ’ίὸπερ
624 2704 658 2767 Sp
706 2704 736 2753 10
754 2698 888 2766 έκβοήσεις
903 2701 1016 2752 Marcell.
1071 2703 1100 2751 12
1120 2698 1294 2771 προϋπὸνΡι
1323 2699 1389 2772 πρό-

221 2780 317 2819 σωπον
327 2768 355 2830 Ρ,
378 2766 485 2838 προσὸν
497 2771 530 2836 Sp
584 2773 615 2822 13
636 2771 671 2821 ιῖν
689 2772 735 2820 add
750 2771 814 2836 Wil,
835 2761 944 2838 ἁρμόζει
956 2770 1006 2833 Sag
1060 2770 1089 2818 15
1107 2771 1288 2836 κεκοινωμένη
1301 2769 1350 2833 Sag
1380 2769 1388 2836 ll

219 2841 429 2902 παρακρίνουσα
442 2837 460 2888 Ρ
480 2855 518 2889 em
531 2839 579 2900 Seg

223 2933 539 2946 ——...—.—

219 2989 291 3038 modo
311 2997 385 3056 atque
404 3008 492 3042 nomen
511 2985 594 3058 λόγου
613 3008 625 3041 e
641 2993 718 3042 verbo
738 2993 830 3059 λέγειν,
850 2991 955 3042 evenho
974 2989 1109 3058 ἐπιλέγειν
1127 2991 1269 3042 derivatum
1288 3005 1344 3041 esse
1364 2998 1389 3040 et

220 3058 254 3118 id,
277 3061 340 3124 qnod
361 3067 419 3125 post
436 3061 573 3124 quamlibet
592 3061 775 3126 expositionem
794 3069 822 3110 ut
841 3069 897 3125 post
916 3060 1099 3125 expositionem
1119 3061 1276 3124 singularum
1298 3059 1389 3124 proba·

219 3126 315 3176 tionum
339 3128 446 3192 dicatur,
471 3129 518 3178 hoe
542 3129 641 3180 nomiae
664 3129 804 3193 significari
829 3129 959 3178 existimat
977 3127 1008 3177 cl.
1028 3128 1044 3192 §
1063 3128 1118 3177 198.
1155 3136 1260 3194 utraque
1279 3128 1389 3190 ratione,

219 3210 265 3259 qua
285 3211 372 3246 nomen
390 3188 522 3262 ἐπιλόγου
540 3198 694 3264 explicatum
712 3213 768 3248 esse
787 3197 968 3257 contendimus,
987 3212 1074 3245 nomen
1093 3194 1276 3263 έπιρρήματος
1293 3212 1389 3261 quoqne

218 3263 344 3327 explicari
367 3272 458 3330 potest.
494 3265 633 3336 ἐπίρρημα
651 3267 716 3316 enim
735 3273 776 3316 est
793 3273 819 3314 et
836 3262 866 3314 τὸ
884 3265 930 3316 ἐπὶ
947 3266 983 3330 τῷ
1001 3261 1098 3331 ῥήματι
1118 3257 1318 3332 ἐπιλεγόμενον,
1345 3265 1389 3313 ad-

220 3333 344 3395 verbium,
362 3341 387 3382 et
406 3334 428 3382 id
449 3335 512 3399 qnod
532 3343 589 3400 post
607 3335 745 3400 quamlibet
763 3333 949 3399 expositionem
969 3340 996 3383 nt
1014 3340 1072 3398 post
1090 3333 1223 3398 parabasin
1242 3334 1387 3384 comoediae

219 3399 322 3450 dicitnr.
357 3402 406 3450 iam
426 3402 527 3452 Neoclis
547 3403 625 3452 verba
643 3399 731 3470 παρὰ
758 3399 794 3451 τὸ
822 3401 876 3452 κτέ
902 3400 989 3451 facilia
1007 3409 1066 3450 sunt
1084 3403 1228 3452 intellectu.
1265 3403 1388 3467 epilogus,

220 3467 310 3533 inquit,
328 3469 358 3518 ab
377 3485 406 3519 eo
426 3486 513 3520 nomen
533 3473 623 3534 traxit,
642 3472 750 3537 quodid
769 3470 833 3535 qnod
852 3479 909 3536 post
923 3471 1092 3520 narrationem
1107 3478 1132 3520 et
1145 3471 1387 3533 argumentationem

220 3535 323 3599 dieitur,
341 3538 387 3587 sol.
408 3537 616 3605 (recapitulatio)
637 3548 662 3590 et
680 3538 803 3600 adiectus,
827 3555 875 3588 non
894 3540 943 3588 iam
962 3554 1020 3604 pars
1039 3539 1166 3589 orationis
1184 3547 1252 3598 snut,
1272 3539 1315 3589 sed
1335 3541 1389 3604 epi-

219 3605 360 3667 legomena,
384 3621 446 3670 qnae
470 3615 496 3656 et
518 3609 564 3657 hoc
588 3610 644 3658 loeo
667 3617 694 3659 et
716 3609 776 3659 aliis
799 3607 914 3657 adhiberi
939 3614 1051 3672 possunt.
1087 3605 1167 3672 §237
1189 3607 1221 3658 ef.
1240 3606 1272 3672 §§
1287 3610 1326 3670 19,
1346 3608 1386 3656 20.

218 3671 301 3732 §238
324 3673 472 3725 Alexandri.
510 3678 596 3740 Αηείο.
615 3677 675 3742 Spl
698 3679 774 3728 4055
797 3672 846 3738 τὴν
872 3673 899 3727 δὲ
925 3677 996 3733 λέξιν
1018 3675 1076 3736 (τοῦ
1102 3673 1225 3737 πάθους)
1252 3675 1294 3726 δεῖ
1319 3673 1389 3728 εἶναι

217 3735 357 3794 ι’ίπλαστον
386 3744 431 3792 καὶ
460 3736 712 3796 ἀκαλλώπιστον..
739 3741 789 3808 τὴν
815 3742 843 3794 δὲ
871 3736 1003 3794 σύνθεσιν
1028 3745 1134 3810 μᾶλλον
1160 3737 1266 3808 ι’ίνετον,
1300 3739 1332 3794 τὰ
1360 3741 1388 3794 δὲ

218 3801 344 3876 σχήματα
367 3807 515 3896 γοργότεριι
536 3814 583 3862 καὶ
599 3808 779 3880 ἀκμαιότερα·
815 3809 832 3875 ἥ
850 3828 877 3862 τε
896 3810 1058 3867 σύνθεσις
1075 3811 1129 3863 aaa}
1147 3814 1233 3878 Apsin.
1252 3814 1268 3862 l.
1283 3813 1299 3861 l.
1321 3827 1387 3862 oom-

218 3879 368 3942 positionem
395 3896 490 3931 ανετον
516 3888 542 3931 et
568 3880 635 3930 infra
662 3899 684 3947 p.
702 3883 787 3934 40613
814 3877 967 3948 κομματικὰ
994 3878 1025 3930 τὰ
1053 3881 1135 3931 πλείω
1161 3897 1218 3930 esse
1242 3881 1305 3932 vult.
1342 3880 1386 3929 alii

219 3946 361 4012 λελυμένην
400 3939 502 4018 φράσιν
528 3950 630 4014 epilogo
653 3957 734 4012 aptam
761 3964 818 3999 esse
845 3951 936 3998 docent
962 3947 993 3998 ei.
1018 3947 1134 3999 Marcell.
1154 3949 1185 3996 W
1204 3948 1237 4000 Ν
1262 3949 1308 3998 421
1325 3963 1338 4002 o
1355 3971 1389 3990 =

221 4014 270 4064 428
284 4032 315 4076 ra,
336 4015 452 4078 Hermog.
466 4020 498 4082 Sp
510 4016 531 4066 ll
548 4019 593 4068 148
606 4034 639 4079 ιο,
658 4018 792 4083 Syrianam
805 4017 840 4068 W
853 4016 886 4068 Ν
900 4018 951 4068 414
962 4034 987 4069 ιο
999 4039 1033 4058 =
1047 4016 1090 4066 Vll
1103 4017 1152 4066 344
1162 4033 1194 4068 so.
1227 4017 1388 4082 participium
1406 4015 1417 4056 1

220 4084 373 4148 κεκομμένη
405 4086 484 4147 igitur
516 4087 556 4136 vel
591 4086 674 4136 simile
704 4089 759 4136 loco
787 4086 902 4149 corrupti
929 4087 999 4135 illins
1026 4087 1191 4152 consumptiva
1219 4092 1388 4150 expectamus.

220 4150 306 4215 §239
333 4150 444 4202 Neoclis.
490 4151 520 4202 ef.
553 4155 607 4204 cius
635 4157 666 4203 de
696 4154 905 4218 recapitulatione
932 4154 1080 4203 collocanda
1107 4162 1265 4219 praeceptum
1294 4152 1388 4218 §tlt

221 4217 307 4283 Quint.
320 4218 353 4269 Vl
376 4222 424 4274 lai
444 4221 571 4288 adsertae,
598 4225 676 4272 etium
702 4226 727 4272 ει·
752 4221 903 4287 quibasdam
928 4221 1047 4272 videntur
1069 4225 1096 4271 ι’τι
1117 4225 1245 4287 prooerm'o
1267 4226 1339 4288 atquc
1362 4224 1388 4270 ia

219 4285 317 4354 epilogo
335 4287 419 4338 aedem
435 4289 535 4352 habere,
553 4327 578 4340 ..
597 4296 682 4341 tumen
700 4290 768 4341 aliae
785 4305 879 4355 quoque
894 4295 981 4357 partes
998 4293 1131 4356 recipiant.
1168 4289 1197 4343 ἒν
1223 4292 1265 4357 τῷ
1283 4307 1389 4358 παρα-

218 4359 400 4475 πῖρεσβῳὴις
418 4356 448 4407 es.
468 4358 552 4409 Schol.
571 4375 593 4424 p.
608 4361 701 4423 36911,
723 4360 817 4420 loona,
840 4360 925 4412 atara
943 4367 969 4410 et
987 4359 1073 4425 Apsin.
1095 4357 1149 4425 Spl
1169 4359 1217 4410 385
1232 4377 1245 4415 a
1261 4385 1294 4402 =
1308 4357 1341 4408 W
1355 4356 1387 4406 Ν

217 4426 232 4474 4
281 4441 314 4487 aa,
399 4427 462 4477 1225
477 4443 497 4478 a.
