3538 5212
671 439 710 447 -
758 402 859 466 LXIX
904 441 945 448 -

227 581 450 661 epenthymema
467 580 704 654 commemoret1,
719 581 747 641 id
763 580 862 642 Neocli
878 589 907 641 et
921 581 1094 656 Alexandro,
1110 581 1161 662 qui
1177 591 1271 646 cetera
1287 604 1393 664 genera
1419 614 1422 622 ·

226 684 433 763 probationum
457 693 591 746 accurate
613 684 839 764 explicaverunt,
866 685 1000 763 ignotum
1024 684 1114 746 luisse
1136 694 1166 748 et
1186 686 1264 748 inter
1285 688 1391 750 horum

227 797 257 848 et
283 786 475 866 Hermogenis
502 787 796 867 Harpocrationisque
823 795 946 848 aetatem
975 786 1128 848 inventum
1155 809 1219 851 esse
1245 791 1394 870 probabile

229 897 282 950 est.
321 890 424 952 nescio
451 909 487 952 an
511 890 700 970 Harpocratiu
722 891 878 952 Alexandri
905 890 980 951 libro
1003 889 1068 969 ipso
1091 911 1162 954 usus
1185 894 1235 968 sit,
1277 893 1394 975 Harpo-

228 991 318 1053 cratio
341 993 483 1073 tropicam
507 994 699 1056 elocutionem
723 993 752 1055 in
775 993 925 1075 prooemio
949 995 1063 1069 evitari,
1094 996 1144 1058 ubi
1167 993 1319 1069 δείνασίς
1341 1020 1391 1072 τις

228 1095 280 1168 sit,
304 1096 440 1177 usurpari
461 1097 544 1159 iubet
565 1097 601 1175 (E
617 1097 657 1159 49
672 1129 693 1168 2,
717 1097 756 1158 50
774 1099 821 1174 n)-
865 1097 1028 1160 Alexander
1049 1099 1238 1180 praescribit,
1273 1109 1307 1162 ut
1329 1101 1390 1162 elo·

227 1197 306 1258 cutio
339 1198 371 1259 in
404 1200 555 1279 prooemio
587 1197 662 1272 οοδς
684 1198 844 1284 ἐμφανεῖς
865 1199 1010 1284 τρόπους
1037 1202 1142 1282 fugiat,
1175 1204 1205 1264 in
1231 1203 1392 1266 adfectibus

227 1297 354 1382 πολλην
375 1299 433 1385 τήν
454 1303 614 1386 τροπικήν
629 1299 830 1386 κατασκευήν
852 1305 957 1368 habeat
973 1306 1021 1381 (W
1036 1307 1086 1368 Vll
1102 1308 1142 1368 52
1158 1339 1183 1378 ιι
1194 1333 1237 1360 --
1248 1307 1271 1368 V
1283 1306 1344 1369 382
1357 1340 1392 1379 ῃ,

227 1402 306 1463 uta
323 1409 370 1483 tt).
416 1404 654 1487 Harpocratiouis
677 1416 882 1488 praeceptum,
909 1418 943 1470 ut
965 1418 1064 1472 orator
1085 1409 1115 1470 in
1139 1409 1394 1490 argumentatione

228 1500 286 1584 οὐχ
312 1501 403 1592 ἁπλῇ
431 1503 508 1572 οὐδὲ
534 1507 773 1594 διακεκομμένμ
802 1511 841 1599 τῇ
869 1508 991 1594 φράσει
1020 1523 1121 1577 utatur
1142 1514 1178 1594 (tt
1194 1513 1287 1590 4921)
1315 1512 1392 1574 idem

226 1609 302 1671 valet
334 1621 420 1691 atque
448 1612 603 1676 Alexandri
636 1623 842 1694 praeceptum,
880 1625 914 1677 ut
947 1617 1234 1697 argumentationum
1268 1616 1393 1677 elocutio

228 1709 401 1796 περιόδοις
423 1715 478 1776 καὶ
501 1713 619 1789 κώλοις
642 1711 802 1800 ἂνυομένη
826 1718 865 1780 sit
887 1719 923 1798 (tt
939 1719 979 1782 48
995 1721 1043 1800 n)-
1080 1721 1134 1782 alia
1157 1717 1393 1800 Harpocrationis

227 1827 382 1899 praecepta
401 1818 432 1880 in
447 1818 583 1899 Epituma
599 1820 702 1882 tradita
719 1830 752 1882 ut
767 1821 838 1882 illud
854 1825 871 1896 ξ
891 1824 959 1897 104,
982 1824 1059 1903 quod
1077 1823 1254 1885 narrationis
1270 1821 1393 1884 virtutes

228 1931 348 1999 spectat,
372 1922 537 2003 propinqua
560 1934 630 1986 sunt
654 1924 703 1986 uni
726 1943 761 1985 ex
778 1925 1016 2005 llarpooratiouis
1039 1928 1075 1988 de
1091 1927 1216 1988 statibus
1231 1925 1394 2006 praeceptis

227 2023 263 2086 ab
287 2024 477 2105 Hermogenis
501 2027 664 2090 scholiastis
682 2027 717 2087 W
731 2027 768 2088 lV
785 2028 845 2089 519
861 2059 896 2102 οι,
919 2029 970 2090 Vll
986 2029 1047 2090 432
1063 2049 1106 2109 sq.
1131 2037 1253 2101 servato,
1277 2047 1335 2106 quo
1358 2027 1393 2088 de

228 2127 416 2190 collocatione
438 2130 494 2212 τῆς
515 2129 598 2192 κατὰ
621 2128 656 2193 ιδ
675 2125 757 2213 πρός
773 2153 804 2192 τι
821 2128 1056 2205 ἀντεξετάσεας
1067 2131 1164 2214 οῑπῆς
1176 2126 1394 2214 πηλικότητος

227 2231 330 2308 agitor.
375 2232 529 2312 utrubique
556 2234 633 2295 enim
662 2235 762 2296 eadem
793 2233 867 2295 ratio
895 2235 1063 2309 adhibetur,
1094 2245 1126 2296 ut
1156 2254 1259 2296 causae
1287 2234 1393 2296 distin-

227 2344 355 2412 guantur
387 2346 417 2397 et
448 2356 502 2417 pro
535 2337 701 2400 diversitate
734 2357 835 2402 earum
863 2338 975 2399 diversa
1002 2338 1246 2419 praescribantur.
1295 2337 1393 2416 itaque

228 2437 502 2518 humanationem,
536 2461 595 2520 quo
622 2451 725 2504 auctor
746 2443 824 2504 Artis
851 2441 974 2503 anobis
998 2441 1148 2503 restitutae
1171 2459 1243 2502 usus
1266 2449 1328 2513 est,
1362 2449 1392 2502 et

225 2541 388 2612 rhetorem,
423 2542 473 2622 qui
501 2542 677 2624 Hermogeni
708 2546 877 2607 adversatus
911 2546 946 2607 de
978 2545 1103 2606 statibus
1131 2544 1263 2625 scripsit,
1298 2562 1391 2605 unum

225 2645 410 2724 eundemque
432 2665 496 2707 esse
518 2666 691 2727 persuasum
715 2647 887 2710 habemm’.

310 2746 412 2810 Restat
440 2759 473 2810 ut
496 2749 732 2830 harpocrationis
759 2753 922 2830 fragmenta
949 2749 979 2810 in
1002 2750 1158 2830 Epitomen
1180 2758 1294 2831 recepta
1317 2770 1392 2811 enu-
1504 2727 1514 2798 s
1541 2759 1572 2800 ·:
1592 2783 1611 2812 ·.

168 2905 174 2912 .
227 2869 389 2912 meremus:
411 2855 447 2927 ἐξ
464 2852 492 2924 8,
517 2852 567 2924 88,
592 2853 662 2925 104,
688 2853 863 2927 138-142,
889 2854 959 2927 159,
982 2853 1160 2914 att-252.

310 2955 372 3027 Qua
407 2964 500 3018 aetate
534 2957 703 3030 Alexander,
738 2957 878 3018 Numenii
910 2956 1001 3030 filius,
1036 2956 1087 3036 qui
1119 2956 1207 3018 etiam
1230 2955 1392 3017 Alexander

225 3056 388 3119 Numenius
411 3059 557 3120 nominari
579 3060 661 3133 solet,
683 3061 817 3122 lloruerit
838 3069 962 3122 constat.
1000 3078 1068 3120 nam
1092 3060 1127 3120 ad
1150 3079 1218 3120 eum
1241 3059 1392 3121 referenda

227 3170 310 3236 sunt,
344 3181 418 3241 quac
443 3162 548 3224 Suidas
576 3183 599 3224 s.
625 3182 651 3223 v.
673 3162 811 3225 Numenii
834 3163 905 3225 dicit
928 3160 1126 3246 Νουμήνιος,
1150 3160 1269 3246 ῥήτωρ·
1315 3160 1392 3244 περὶ

224 3265 288 3328 τῶν
320 3267 375 3348 τῆς
408 3264 525 3339 λέξεως
552 3261 608 3327 καὶ
634 3267 689 3349 τῆς
718 3265 870 3340 διανοίας
897 3261 1089 3348 σχημάτων,
1123 3261 1306 3338 ὑποθέσεις
1327 3266 1393 3328 τῶν

227 3365 435 3431 Θουκυδίδου
469 3367 524 3430 καὶ
555 3371 807 3450 Δημοσθένους,
840 3370 956 3453 χρειῶν
989 3364 1199 3451 συναγωγήν,
1229 3361 1393 3450 Ἀδριανῷ

225 3470 504 3555 παραμυθητικὸν
520 3463 567 3544 εἰς
578 3465 753 3535 Ἀντίνοον.
785 3473 821 3533 ah
844 3475 899 3534 huc
914 3472 1059 3534 Numenio
1076 3472 1181 3534 Suidas
1196 3471 1391 3532 Alexandrum

224 3574 402 3636 Numenium
427 3575 574 3636 diversum
598 3595 662 3638 csse
684 3575 870 3650 existimavit,
893 3578 1005 3657 dequo
1026 3596 1048 3636 s.
1065 3596 1091 3636 v.
1112 3575 1268 3637 Alexandri
1287 3573 1393 3653 legitur

220 3673 433 3761 Ἀλέξανδρος
455 3673 473 3740 ὁ
497 3681 699 3762 Νουμηνίου,
728 3675 906 3763 σοφιστής,
930 3679 981 3740 sed
1005 3679 1124 3740 Suidam
1148 3697 1262 3740 errasse
1284 3697 1318 3738 eo
1341 3677 1392 3738 ad·

293 3819 302 3850 ¹
321 3819 508 3881 Anaximenem,
531 3819 601 3867 cuius
619 3819 690 3868 codd.
709 3818 742 3884 Sp
754 3817 775 3868 ll
794 3818 842 3868 220
855 3833 881 3870 aa
898 3814 930 3868 ιὰ
951 3810 1169 3884 ἐπενθυμῆματα
1192 3817 1248 3866 Ιοοο
1266 3815 1392 3880 simplicis

223 3880 401 3954 ἐνθυμήματα
414 3887 544 3949 exhibant,
556 3889 743 3953 epenthymema
756 3903 804 3936 non
818 3901 892 3936 nosse
902 3886 1052 3951 Spengelius
1065 3887 1114 3935 iarn
1127 3885 1224 3935 inorruit
1233 3885 1258 3934 in
1269 3898 1392 3934 commen-

223 3956 292 4004 tario
310 3956 427 4006 Anaxim.
446 3973 467 4019 p.
481 3955 538 4006 att.

292 4023 392 4074 2Sitne
418 4024 460 4073 hic
484 4023 650 4089 Harpocratio
678 4037 722 4088 pro
748 4037 797 4071 uoo
820 4037 852 4072 ex
875 4023 913 4072 eis
936 4021 1070 4084 habendus,
1097 4038 1159 4087 quos
1182 4023 1268 4072 eodem
1292 4020 1392 4069 nomine

225 4091 353 4155 praeditos
372 4092 474 4141 aliunde
492 4093 673 4154 cognoscimus,
693 4090 763 4139 nullo
781 4092 854 4140 modo
873 4092 951 4140 statui
964 4097 1056 4156 potest.
1092 4090 1229 4154 Seguerius
1243 4091 1268 4139 in
1282 4089 1392 4138 secunda

224 4159 387 4210 adnotatione
406 4159 535 4223 Epitomes
553 4159 659 4208 editioni
678 4160 774 4209 adnexa
789 4159 1011 4225 llorpocratiouem
1030 4159 1056 4207 in
1074 4159 1164 4208 libello
1181 4160 1250 4208 edito
1264 4158 1392 4207 laudatum

224 4228 323 4278 Aelium
342 4227 566 4294 Harpocratioucm
589 4243 646 4278 esse
670 4228 785 4292 sumpsit,
807 4230 897 4294 quippe
918 4228 960 4277 cui
978 4244 992 4277 a
1011 4226 1090 4276 Suida
1106 4229 1185 4293 τέχνη
1203 4216 1330 4294 ῥητορική
1348 4225 1392 4275 etl-

224 4296 388 4347 soriheretur.
425 4297 546 4358 rationes,
568 4296 656 4361 quibus
675 4295 811 4359 Seguerius
832 4296 933 4346 Aelium
951 4296 982 4345 ab
1000 4295 1199 4360 Harpocratione
1218 4295 1329 4352 rhetore,
1349 4293 1391 4358 qui

224 4364 287 4415 Veri
310 4373 460 4431 praeceptor
483 4365 562 4415 luisse
584 4367 703 4428 traditor,
728 4381 774 4412 noo
798 4366 924 4416 diversum
948 4379 1005 4415 esse
1024 4363 1154 4430 probabat,
1178 4362 1314 4413 facillimae
1332 4368 1392 4412 suot

223 4433 344 4488 refutata.
