3538 5212
705 416 946 514 -ro-v

229 595 329 656 τικαί.
368 595 417 656 55.
433 593 498 656 τῶν
513 591 550 655 δὲ
565 590 623 655 ἐπὶ
639 592 758 674 κριτῶν
779 589 816 654 αἱ
838 591 900 674 μὲν
922 590 1005 656 κατὰ
1026 591 1063 655 τό
1087 589 1397 676 ἀμφισβητούμενον

229 692 309 758 αότό
331 699 543 759 συνίστανται
565 695 589 770 †
612 689 648 754 ai
671 694 708 758 δὲ
731 695 814 780 πρὸς
839 695 927 770 ἰδίας
950 691 1116 780 διηγήσεις
1130 697 1187 780 τῆς
1202 692 1398 770 ὑποθέσεως

228 796 379 877 λέγονται
403 800 439 876 †,
469 793 505 858 ai
533 795 571 858 δὲ
594 803 870 880 παρεμπίπτουσι
894 803 1038 873 πίστεως
1062 803 1168 862 ἕνεκεν
1190 795 1209 882 ή
1232 794 1397 882 αὐξήσεως

228 898 249 984 ἢ
271 900 429 986 διαβολῆς
451 897 470 983 ἢ
494 898 595 964 ἄλλον
617 899 707 974 τινός
728 899 892 979 τοιούτου,
917 898 1052 976 ἅστινας
1067 903 1121 964 καὶ
1136 899 1397 986 παραδιηγήσεις

192 999 315 1078 5τινὲς
348 1004 515 1068 καλοῦσιν.
567 1005 616 1066 56.
647 1002 696 1067 ἔτι
728 1004 793 1069 τῶν
826 1004 884 1068 ἐπὶ
913 1005 1032 1089 κριτῶν
1058 998 1243 1088 διηγήσεων
1269 1000 1307 1078 δὶς
1336 1003 1397 1089 μὲν

228 1103 322 1190 ήμείς
351 1109 606 1191 προηγουμένως
633 1105 821 1190 εἰσάγομεν,
852 1105 891 1184 ἃς
917 1108 954 1172 δὲ
976 1109 1042 1172 τῶν
1064 1104 1241 1172 ἀντιδίκων
1263 1109 1396 1187 εἰσαγα-

227 1207 352 1288 γόντων
374 1207 489 1292 ἑτέρως
511 1208 718 1293 ἐπαγομένας
741 1207 834 1274 αὐτοὶ
863 1208 1160 1295 όιντιδιηγοόμεθα,
1189 1212 1275 1294 παρ’
1298 1209 1318 1276 ό
1340 1213 1395 1275 καὶ

228 1308 471 1397 άντιδιηγήσεις
499 1311 812 1397 προσαγορεύονται.
862 1309 1148 1398 άντιδιηγοόμεδα
1178 1314 1214 1378 δὲ
1237 1313 1257 1398 ή
1278 1316 1315 1379 τό
1338 1339 1395 1379 κα-

227 1414 334 1480 θόλου
356 1417 395 1502 τῇ
416 1417 480 1480 τῶν
502 1412 679 1482 ἀντιδίκων
701 1416 854 1502 διηγήσει
883 1414 1124 1501 άνθιστάμενοι
1152 1415 1172 1502 ή
1194 1417 1277 1481 κατά
1300 1422 1396 1502 μέρος

177 1522 209 1576 10
229 1521 374 1584 ἕκαστον.
419 1522 469 1581 57.
494 1514 573 1583 ὅταν
595 1518 656 1602 μὲν
678 1517 736 1585 οὖν
758 1520 885 1605 ἒμπέση
909 1517 1007 1605 ἡτῶν
1023 1515 1230 1605 πραγμάτων
1245 1517 1397 1605 διήγησις

226 1655 286 1690 *τε
308 1620 382 1686 τότε
410 1621 606 1704 ἐμπεσεῖται
637 1623 882 1708 παραδιήγησις
905 1623 1170 1708 ἐπιχειρημάτων
1191 1621 1251 1708 μὲν
1273 1624 1395 1704 ἔχουσα

226 1725 344 1802 τόπον,
369 1725 521 1790 πιθανόν
544 1726 582 1790 δέ
602 1750 635 1790 τι
659 1730 899 1811 συμφερομένη.
949 1726 1020 1811 εἴδη
1043 1727 1080 1792 δὲ
1101 1730 1166 1791 τῶν
1188 1726 1395 1812 παραδιηγή-

228 1845 310 1891 σεων
331 1833 420 1911 τρία,
444 1827 677 1914 προδιήγησις,
710 1829 965 1914 παραδιήγησις,
997 1827 1218 1914 όπιδιήγησις.
1263 1833 1313 1894 58.
1337 1831 1393 1893 καὶ

226 1929 445 2015 προδιήγησις
468 1935 528 2014 μέν
549 1931 651 2010 ἐστιν,
676 1929 755 1998 ὅταν
777 1934 842 2018 πρὸ
866 1929 968 1996 αὐτοῦ
983 1935 1040 1997 τοῦ
1057 1931 1247 2017 πράγματος
1265 1933 1396 2006 ἔξωθεν

175 2040 207 2095 15
228 2033 337 2118 ἕτερόν
357 2058 389 2097 τι
413 2029 667 2119 διηγησάμεθα,
692 2031 802 2120 ῶσπερ
826 2036 861 2102 ἐν
886 2038 931 2120 τῶ
954 2033 1038 2100 κατά
1062 2035 1286 2120 Τιμοκράτους
1310 2037 1342 2117 (§
1359 2037 1393 2118 6)

226 2137 302 2216 <ἒγῶ
324 2136 398 2221 γὰρ,
423 2133 448 2200 ῶ
464 2136 579 2222 ἄνδρες
591 2136 781 2224 Ἀθηναῖοι,
805 2143 1034 2224 προσέκρουσα
1050 2135 1220 2223 άνθρῶπηι
1237 2140 1393 2224 πονηρῷ).

226 2241 278 2302 59.
302 2236 546 2325 παραδιήγησις
568 2240 618 2318 δὲ,
642 2237 720 2307 ὅταν
743 2245 820 2325 παρ’
842 2239 922 2308 αότό
945 2243 981 2306 τό
1004 2245 1142 2325 πρᾶγμα
1166 2247 1258 2324 ἕτερα
1281 2242 1394 2327 διηγη-

154 2352 207 2409 436
227 2341 378 2427 σῶμεδα,
407 2340 450 2417 ῶς
476 2343 512 2408 ἒν
538 2347 584 2430 τῷ
606 2345 690 2408 κατὰ
713 2346 860 2410 Μειδίου
884 2348 1010 2430 (6161)
1038 2346 1200 2426 <trinario
1223 2343 1395 2421 ἐπιδόσεις

227 2449 274 2522 εἰς
291 2445 448 2529 Εὔβοιαν>
470 2446 590 2510 καὶτὰ
614 2447 696 2532 ἑξῆς.
741 2449 791 2511 60.
814 2447 1027 2536 ἐπιδιήγησις
1049 2449 1098 2527 δὲ,
1125 2444 1218 2534 [ὅταν
1239 2449 1322 2534 μετὰ
1336 2449 1395 2524 τὰς

291 2665 306 2714 2
325 2667 502 2718 συνίστανται
519 2665 565 2716 καὶ
581 2663 646 2716 ίδιαι
665 2664 712 2730 τῆς
728 2661 888 2723 ὑποθέσεως
899 2662 931 2729 K,
948 2666 978 2717 οδ
990 2661 1022 2731 δὴ
1035 2662 1123 2730 [πρὸς]
1137 2663 1245 2722 εἰδικῶς
1257 2656 1393 2732 διηγήσεις

224 2731 277 2796 [τῆς
294 2729 465 2795 ὑποθέσεως]
487 2735 612 2800 λέγονται
624 2733 681 2784 Wil
733 2734 748 2784 6
768 2727 965 2801 είσαγόντωνΡ
983 2735 1086 2785 eorrexi
1140 2736 1171 2786 10
1189 2732 1295 2804 ἐμπέση
1314 2733 1332 2783 Ρ
1350 2734 1392 2786 ἐν·

224 2794 317 2872 δεὴςή
340 2792 461 2867 (τούτου)
483 2795 745 2872 11,ῑλίιπὴςη’ψίι
798 2803 829 2852 17
847 2803 910 2874 περὶ
927 2805 956 2851 τὸ
976 2799 1041 2852 αὐτὸ
1059 2803 1204 2870 πράγμαΡ
1223 2818 1260 2852 em
1279 2805 1312 2868 Sp
1361 2803 1391 2853 19

223 2863 334 2920 ὅταν-
346 2868 542 2938 διηγησάμεθα
560 2871 601 2920 del
616 2870 680 2929 wil,
699 2879 757 2934 post
770 2866 835 2922 ὅταν
851 2886 964 2932 magnum
984 2886 1039 2921 esse
1057 2870 1203 2921 lacunemd*
1222 2871 1331 2920 coniecit
1343 2871 1390 2919 hoe

223 2935 277 2988 iere
298 2939 370 3018 modo
389 2940 533 3004 replendam
554 2938 624 3022 (μετ’
643 2933 709 2990 αὐτὸ
728 2935 761 3022 ed
778 2940 894 3010 πρᾶγμα
913 2935 988 3009 ἕτερα
1007 2928 1215 3020 διηγησόμεθα..
1242 2939 1390 3004 exemplum.

223 3005 1391 3133 interordinia‘o‘diatonon‘§aadornantia

221 3093 391 3212 κῶζόιμέῶην
408 3093 532 3211 διηγησῖν
549 3094 625 3214 ἕόερὶάέ
642 3095 937 3212 τινα’διηγησῶμεδα.ῃ
960 3093 1131 3210 &aetimare
1148 3093 1284 3209 δὴρότανῖ

220 3359 299 3394 anam
324 3343 390 3409 qnod
405 3345 432 3394 in
450 3345 566 3410 negotiis,
584 3342 696 3394 alteram
714 3343 780 3410 qaod
830 3360 872 3406 eo,
904 3359 967 3409 ηαοο
992 3345 1019 3392 in
1045 3344 1204 3406 negotiorum
1231 3345 1390 3410 emporitione

220 3415 247 3461 in
266 3413 383 3478 personis
398 3414 512 3479 positam
529 3416 575 3462 eet.
611 3411 645 3475 id,
669 3413 735 3477 qaod
751 3415 777 3462 in
828 3415 914 3480 posita
930 3415 973 3471 eet,
993 3413 1043 3462 trie
1059 3412 1134 3460 tabet
1147 3413 1248 3478 partie.-
1259 3411 1388 3478 sobolom,

220 3484 383 3546 negotiorum
411 3483 568 3548 repositione
595 3483 708 3548 positum
733 3486 777 3542 eet,
832 3483 978 3546 historiam,
998 3483 1188 3544 argumentum.

219 3552 269 3599 tris
285 3551 361 3599 natet
373 3552 474 3615 partie.-
484 3548 616 3616 sodalem,
633 3550 778 3614 historiam,

219 3622 409 3683 argumentum.
445 3616 477 3667 ei.
497 3616 617 3683 Quintil
635 3617 668 3666 42

219 3685 318 3738 iebulee
336 3676 464 3768 μηθικάς,
483 3686 607 3765 historiae
625 3675 760 3766 ἱστορικός
778 3687 929 3765 respondere
948 3686 1060 3766 adparet,
1080 3686 1127 3765 ⁸sed
1146 3684 1221 3735 etiem
1239 3692 1387 3767 argumento

218 3755 1388 3887 tssttdtitistdttztii„inmittit{tittittttttzitititi

219 3907 282 3955 quae
305 3893 373 3941 inest
396 3891 422 3940 in
445 3891 512 3940 libro
530 3892 587 3940 Aur
604 3889 649 3940 der
667 3892 780 3941 Anamia
799 3907 820 3956 μ
836 3892 891 3941 124.
926 3891 942 3956 ξ
961 3891 993 3940 56
1016 3886 1049 3946 ῶς
1070 3888 1099 3941 δὲ
1120 3888 1165 3941 κτὲ
1186 3889 1386 3940 Fortunatianue

217 3959 289 4010 Iidet.
313 3959 355 4008 iat.
373 3961 436 4008 min,
458 3959 504 4008 112
519 3974 531 4012 o
549 3958 721 4024 antidiegeeie‚
743 3975 799 4010 cam
817 3959 961 4010 οδυεντονὶτ·
977 3958 1120 4026 adserimus
1137 3962 1312 4009 narrationem
1330 3973 1388 4008 aon-

216 4043 290 4078 verso
309 4041 409 4093 genere.
445 4025 511 4091 §57
534 4028 622 4078 leonae
647 4042 661 4076 e
684 4027 757 4078 nobis
781 4028 892 4078 indicata
916 4029 952 4078 ite
977 4027 1029 4078 sere
1050 4027 1172 4092 explendo
1191 4034 1232 4077 est
1252 4022 1282 4092 (ἡ
1299 4043 1388 4094 παρα-

217 4088 341 4163 διήγησις
363 4092 412 4147 οὐκ
435 4090 577 4162 ἀναγκαία.
612 4090 677 4147 ὅταν
698 4091 783 4162 δὲμὴ
802 4096 907 4164 ίμπέση
926 4092 941 4156 ἡ
968 4097 1021 4147 τῶν
1043 4088 1217 4163 πραγμάτων
1237 4094 1385 4162 διήγησις).

217 4165 248 4214 de
268 4166 315 4214 hoe
335 4163 407 4216 verbi
429 4164 576 4228 ἐμπίπτειν
599 4181 646 4215 osu
664 4162 695 4212 cf.
714 4165 847 4230 Sopatrum
866 4165 898 4216 W
917 4163 950 4214 IV
970 4165 1018 4214 655
1031 4179 1056 4216 τί
1075 4162 1166 4230 εἰμὲν
1184 4157 1232 4214 οὖν
1253 4163 1387 4231 ἐμπίπτει

217 4229 401 4301 διήγησις...
425 4228 474 4283 ἐὰν
499 4231 528 4284 δὲ
553 4228 592 4299 μὴ
617 4232 738 4302 ἔμπίπιη
766 4229 899 4300 διήγησις.
934 4231 950 4298 ξ
972 4233 1004 4282 60
1030 4233 1163 4295 genuinam
1189 4227 1387 4298 δπιδιηγήσεως

216 4302 389 4353 definitionem
409 4309 434 4351 et
452 4302 592 4366 exemplum
605 4301 777 4360 intercidisse,
798 4310 849 4352 tum
863 4303 941 4351 verbe
955 4295 1020 4351 ότιιν
1032 4329 1064 4337 -
1078 4297 1274 4368 διηγησόμεθα
1287 4301 1385 4350 ineerta

216 4385 272 4420 esee
293 4371 348 4420 wil
372 4370 443 4420 nobis
466 4372 601 4436 persuasit.
639 4386 694 4419 nem
716 4362 889 4437 ἔπιδιήγησιν
906 4370 961 4419 illie
980 4369 1067 4419 verbis
1090 4369 1216 4419 definitam
1240 4385 1296 4421 esse
1315 4370 1385 4420 credi

217 4455 265 4489 uon
285 4455 367 4506 posse,
387 4454 464 4506 quare
482 4439 601 4490 Finekhii
620 4439 793 4506 supplementa
811 4439 965 4505 repudienda
984 4453 1047 4489 ense.
