3536 5208
810 491 848 499 -
896 453 1032 519 XXXVI
1080 491 1120 499 —

385 630 464 691 tione
497 640 651 712 praecepta
685 631 714 692 iu
736 631 871 711 Epitoma
905 631 1047 711 excerptis
1080 630 1201 692 secundi
1235 631 1269 691 de
1291 629 1458 690 inventione
1480 631 1553 692 tomi

384 733 605 806 continuantur,
639 734 794 795 Alexandri
827 734 862 795 de
896 733 1171 813 argumentationis,
1205 732 1467 813 recapitulationis,
1501 734 1553 795 ad·

382 841 512 900 fectuum
536 837 699 900 elocutione
721 845 873 918 praecepta
896 837 1033 914 (§§196,
1055 835 1127 910 221,
1143 836 1237 916 2381)
1259 834 1401 914 excerptis
1430 854 1552 896 suorum

384 941 419 1002 de
451 940 619 1000 inventione
653 950 801 1002 tomorum
834 939 1011 1019 adglutinata
1041 949 1119 1002 suut.
1164 939 1194 1000 in
1218 939 1339 1001 Cornuti
1364 945 1461 1000 autem
1483 940 1553 1002 Arte

383 1045 454 1104 haec
476 1042 574 1104 omnia
590 1043 639 1104 illo
655 1042 731 1124 napi
748 1041 864 1116 λέξεως
879 1053 960 1104 tomo
975 1043 1186 1123 comprehensa
1200 1043 1291 1104 fuisse
1307 1043 1450 1122 excerptis
1466 1043 1552 1104 huius

383 1147 456 1208 tomi
467 1147 684 1226 comprobatur,
693 1146 982 1226 quae§§240--253
996 1147 1141 1225 leguntur.
1158 1145 1286 1226 primum
1300 1145 1431 1206 breviora
1444 1146 1479 1206 de
1491 1147 1551 1207 elo·

382 1249 499 1310 cutione
511 1262 650 1328 quattuor
666 1250 806 1310 orationis
821 1251 947 1330 partium
964 1260 1116 1330 praecepta
1132 1249 1313 1321 adferuntur,
1338 1257 1400 1309 tum
1423 1249 1553 1327 longiora

384 1339 1553 1433 detriumpartiumelocutionep'raeceptallarpocratiouiS,deniquequaeDiony-

385 1455 448 1517 sius
460 1456 489 1516 iu
504 1456 604 1534 Lysiae
616 1455 723 1516 iudicio
736 1456 770 1516 de
782 1456 945 1516 elocutione
957 1456 1088 1516 omnium
1102 1454 1228 1534 partium
1242 1455 1469 1534 praescripserit.
1487 1456 1551 1516 hre-

384 1558 498 1620 viorum
511 1558 627 1618 illorum
640 1569 860 1638 praeceptorum
873 1559 1001 1639 primum
1019 1562 1048 1633 (ἓ
1059 1557 1133 1630 240)
1148 1576 1184 1617 cx
1195 1557 1347 1617 Alexandri
1363 1559 1398 1618 de
1413 1558 1554 1638 prooemii

384 1661 548 1721 elocutione
571 1660 675 1734 verbis,
699 1680 773 1740 quae
796 1662 842 1723 HS
863 1663 992 1742 pleniora
1014 1661 1044 1721 iu
1068 1659 1189 1722 Cornuti
1212 1661 1280 1720 Arte
1302 1659 1371 1738 legit
1394 1663 1441 1736 (cl.
1463 1661 1553 1722 WVll

384 1763 472 1837 5211,
489 1763 510 1824 V
526 1762 587 1824 382
603 1763 636 1842 7),
661 1765 822 1826 secundum
847 1769 876 1840 t§
892 1764 965 1838 241)
989 1783 1024 1824 ex
1039 1763 1192 1824 Alexandri
1210 1763 1245 1823 de
1261 1762 1436 1823 narrationis
1452 1764 1551 1824 elocu-

384 1866 463 1930 tione
479 1865 574 1927 verbis
597 1879 766 1946 excerptum
790 1877 844 1940 est,
867 1887 941 1948 quae
963 1867 993 1927 iu
1012 1867 1146 1946 Epitoma
1169 1865 1232 1946 ipsa
1254 1867 1285 1944 (§
1302 1864 1375 1944 136)
1397 1865 1553 1944 integriora

384 1968 581 2048 reperiuntur.
625 1969 773 2030 Cornutus
795 1970 858 2050 ipse
881 1982 910 2031 et
924 1971 1079 2032 Alexandri
1101 1979 1253 2050 praecepta
1276 1977 1337 2028 tota
1358 1969 1503 2048 recepisse
1524 1977 1553 2029 et

384 2073 439 2134 alio
462 2073 526 2132 loco
549 2071 688 2132 vilissima
711 2091 813 2142 eorum
836 2085 970 2154 excerpta
993 2073 1098 2134 iecisse
1120 2072 1282 2134 credendus
1298 2089 1356 2130 nun
1372 2080 1426 2132 est.
1458 2070 1552 2151 epito-

384 2184 480 2236 mator
502 2184 599 2235 autem
624 2173 713 2232 simili
734 2175 846 2235 ratione
869 2175 946 2236 aliud
965 2176 1087 2238 Cornuti
1102 2175 1181 2236 Artis
1204 2183 1391 2254 praeceptum
1414 2183 1553 2235 tractasse

384 2277 621 2358 deprehenditur.
674 2295 707 2337 ea
730 2277 819 2350 euim,
853 2297 926 2356 quac
959 2279 989 2338 in
1012 2281 1081 2340 Arte
1115 2279 1150 2338 de
1173 2277 1337 2340 differentia
1359 2276 1502 2356 prooemii
1524 2288 1554 2338 et

384 2379 490 2461 epilogi
518 2380 594 2440 dicta
624 2389 717 2450 erant,
747 2379 826 2454 E§§
845 2381 892 2453 19,
909 2381 948 2443 20
979 2385 1038 2443 sere
1061 2383 1096 2442 ad
1119 2381 1240 2442 verbum
1265 2379 1410 2458 descripta
1433 2389 1554 2440 suntet

383 2483 477 2559 §237
500 2502 591 2562 pauca
613 2501 649 2544 ex
670 2481 780 2542 eisdem
804 2483 894 2544 electa
918 2485 1120 2564 repetunturl.
1175 2485 1273 2563 itaque
1302 2483 1465 2544 Cornutum
1494 2501 1552 2543 uuo

384 2596 499 2648 tautum
514 2636 515 2639 .
532 2586 596 2647 loco
629 2585 741 2664 integra
764 2586 917 2646 Alexandri
952 2589 987 2649 de
1021 2587 1184 2650 elocutione
1210 2598 1363 2668 praecepta
1385 2585 1553 2646 exhibuisse

384 2689 445 2750 veri
471 2689 653 2750 simillimum
682 2697 735 2750 est.
789 2709 863 2767 quae
892 2690 922 2750 iu
949 2701 1030 2752 tomo
1052 2689 1130 2772 περὶ
1153 2687 1268 2762 λέξεως
1290 2709 1306 2750 a
1329 2688 1458 2750 Cornuto
1481 2705 1553 2748 cou-

384 2793 483 2856 iuncta
511 2811 575 2853 esse
602 2791 686 2852 uobis
709 2793 918 2872 persuasimus,
942 2794 1009 2873 quia
1032 2801 1061 2853 et
1088 2794 1158 2854 haec
1185 2793 1273 2854 tomis
1297 2791 1375 2874 περὶ
1398 2787 1553 2872 εὑρέσεως

384 2895 535 2976 inscriptis
557 2894 670 2974 aspergi
693 2895 792 2956 miuus
814 2907 914 2976 aptum
944 2904 1005 2957 erat
1031 2915 1126 2976 neque
1149 2896 1225 2956 iuter
1248 2903 1383 2976 excerpta
1405 2893 1494 2974 primi
1517 2893 1552 2954 de

384 2999 552 3060 inventione
575 2997 657 3070 tomi,
680 3017 754 3077 quae
776 2999 799 3058 E
819 3003 854 3074 §§
874 2999 974 3060 1-39
998 2999 1195 3071 continentur,
1219 2998 1374 3060 Alexandri
1396 2998 1431 3058 de
1454 2997 1553 3059 elocu-

385 3101 464 3168 tione
486 3110 639 3185 praecepta
663 3101 862 3164 inveniuntur.
907 3111 1008 3162 contra
1030 3102 1061 3162 iu
1084 3102 1227 3182 excerptis
1251 3100 1373 3162 Cornuti
1396 3100 1431 3162 de
1453 3100 1552 3161 elocu-

387 3204 464 3266 tione
488 3204 559 3268 11111
581 3205 721 3286 reliquiae
742 3205 874 3266 omnium
898 3215 1130 3284 praeceptorum,
1154 3223 1228 3284 quae
1249 3203 1411 3264 Alexander
1433 3202 1468 3262 de
1492 3201 1553 3261 elo-

385 3307 502 3368 cutione
525 3308 612 3382 dedit,
635 3318 744 3372 extant.
788 3311 824 3382 11
840 3307 911 3381 240,
927 3307 987 3368 241
1012 3318 1145 3387 excerpta
1161 3307 1315 3368 Alexandri
1330 3315 1552 3387 praeceptorum

385 3429 449 3471 esse
472 3411 638 3472 statuimus.
667 3411 763 3474 verbis
786 3409 879 3485 §243
902 3421 1089 3491 praeceptum
1106 3410 1278 3472 Alexandri³
1301 3410 1421 3472 subesse
1443 3405 1553 3468 Nicolai

386 3524 520 3593 excerpto
551 3513 673 3576 Cornuti
699 3514 778 3579 Artis
807 3513 846 3593 Sp
862 3513 902 3574 lll
922 3515 1010 3586 477,
1037 3514 1237 3576 confirmatur.
1286 3515 1363 3575 unde
1390 3512 1453 3573 iure
1480 3528 1553 3572 cou-

386 3617 514 3679 cluditur
536 3617 630 3692 1242
654 3628 683 3680 11
704 3617 799 3693 §tau
827 3637 861 3678 ex
888 3637 947 3679 uuo
974 3626 1003 3678 et
1030 3617 1132 3679 eodem
1156 3616 1309 3679 Alexandri
1335 3618 1370 3680 de
1393 3631 1552 3695 argumen-

453 3893 463 3925 1
482 3893 542 3944 Sala
562 3901 695 3959 praecepta
713 3893 745 3960 §§
761 3895 817 3956 136,
830 3895 876 3944 221
892 3893 1033 3944 Alexandri
1046 3907 1134 3942 nomeu
1148 3909 1208 3958 prae
1220 3908 1247 3942 sc
1260 3891 1353 3952 lerunt,
1372 3892 1453 3942 eidem
1466 3897 1552 3940 cetera

385 3969 520 4026 praecepta
539 3971 683 4012 1111111111
701 3972 728 4012 11
745 3971 879 4028 praccepta
897 3963 1052 4026 prooemium
1070 3963 1211 4026 spectantia
1226 3961 1258 4010 W
1273 3959 1317 4012 Vll
1335 3961 1412 4020 5211,
1431 3958 1517 4010 Vaut
1531 3973 1551 4020 1,

386 4037 412 4078 11
436 4039 567 4094 praccepta
593 4031 716 4096 epilogum
740 4031 881 4097 spectantia
903 4031 968 4095 apud
986 4031 1118 4081 Nicolaum
1137 4031 1170 4096 Sp
1182 4029 1213 4080 Ill
1231 4031 1279 4080 471
1295 4048 1308 4085 a
1326 4028 1477 4080 vindicanda
1496 4042 1552 4078 1111

388 4099 502 4148 omuibus
522 4100 590 4148 iuter
609 4114 636 4148 se
655 4100 807 4165 comparatis
826 4099 987 4163 conspicuum
1007 4106 1055 4149 111.

454 4166 550 4216 ’luter
573 4169 634 4218 haec
652 4168 699 4217 duo
720 4175 853 4233 praecepta
872 4174 939 4228 sunt,
961 4183 1023 4232 quae
1041 4168 1192 4233 epitomator
1211 4167 1296 4232 priore
1314 4166 1370 4216 loco
1389 4164 1483 4226 omisit,
1506 4164 1552 4214 scl.

385 4241 414 4284 ut
432 4235 554 4299 prooemii
573 4236 683 4285 elocutio
701 4229 772 4300 ἠπία
790 4237 824 4285 sit
843 4241 869 4286 et
887 4242 915 4284 ut
933 4235 957 4284 11
973 4237 1100 4300 prooemio
1113 4233 1228 4285 adlectus
1242 4235 1394 4298 excitentur,
1413 4234 1439 4283 iu
1453 4232 1551 4299 epilogo

386 4306 491 4352 excitati
519 4311 665 4364 augeantur.
701 4312 833 4369 utrumque
860 4313 1019 4368 praeceptum
1044 4305 1120 4356 etiam
1143 4303 1287 4354 Marcellini
1309 4303 1383 4353 Artis
1407 4307 1552 4367 excerptum
1576 4305 1578 4310 ’

386 4369 419 4420 W
433 4369 466 4422 lV
485 4371 535 4421 428
552 4390 561 4422 a
581 4373 692 4422 exhibet.

454 4437 542 4488 ³Cuur
560 4440 607 4488 hoc
626 4448 769 4505 praecepto,
787 4455 834 4506 quo
853 4439 994 4504 generatim
1012 4441 1042 4490 dc
1062 4440 1157 4506 epilogi
1175 4440 1319 4490 elocutione
1337 4439 1430 4502 agitur,
1449 4453 1477 4488 11
1490 4452 1552 4502 quae

386 4507 533 4556 Alexander
555 4507 704 4572 specialiter
722 4509 752 4558 dc
770 4508 992 4575 recapitulationis
1012 4515 1038 4558 11
1055 4507 1197 4559 adfectuum
1216 4508 1359 4559 elocutione
1377 4506 1553 4573 praescripsit,

386 4582 456 4625 arcte
475 4575 618 4627 cohaesisse
635 4575 765 4641 probabile
784 4584 831 4628 est.
867 4575 899 4628 cl.
912 4575 979 4628 11111
993 4577 1182 4628 restitutionem
1195 4576 1267 4628 Artis
1280 4576 1310 4626 do
1322 4575 1468 4626 elocutione
1480 4573 1552 4624 11111.
