3538 5212
654 410 693 420 -
741 373 847 439 LXIII
890 411 933 422 -

298 550 433 612 Extrema
466 568 534 631 pars
567 550 646 613 tertii
679 551 714 612 de
746 551 914 614 inventione
947 552 1034 626 tomi,
1067 572 1124 634 que
1147 555 1183 616 de
1205 555 1375 620 oeconomia

212 653 417 734 probationum
451 641 604 737 agebatur,
638 655 698 715 lere
730 653 845 735 integra
876 675 892 718 e
919 655 1041 718 Cornuti
1066 659 1135 720 Arte
1167 659 1198 720 in
1225 659 1374 740 Epitomes

213 760 251 831 §A
269 756 435 818 ton-194
457 755 647 836 transscripta
670 775 734 819 esse
756 757 879 822 videtur.

513 953 596 1039 Περὶ
619 951 775 1042 εὑρέσεως
796 960 948 1043 τέταρτος
969 955 1076 1039 τόμος.

298 1073 369 1138 lnde
390 1073 469 1154 quod
490 1073 521 1134 in
536 1071 672 1152 npitoma
694 1075 798 1137 ceteris
820 1075 908 1138 buius
931 1076 1004 1140 tomi
1027 1077 1170 1158 excerptis
1193 1077 1376 1140 definitiones

216 1179 320 1261 epilogi
343 1179 393 1258 (§§
410 1175 587 1254 res-200)
609 1177 848 1257 praemittuntur,
871 1180 902 1241 in
925 1179 1046 1242 Comuti
1060 1180 1130 1241 Arte
1151 1179 1214 1260 ipsa
1236 1191 1373 1261 quartum

215 1283 250 1344 de
276 1281 444 1344 inventione
472 1285 585 1340 tomum
612 1279 650 1340 ab
676 1279 722 1342 bis
748 1280 966 1344 definitionibus
993 1290 1130 1345 exorsum
1159 1302 1222 1345 esse
1249 1283 1376 1363 colligas,

215 1387 266 1448 sod
288 1385 467 1458 dubitamus,
489 1401 526 1444 an
542 1382 690 1444 Cornutus
712 1384 913 1464 etymologiam
937 1386 1066 1448 nominis
1089 1384 1193 1467 epilogi
1216 1396 1283 1448 ante
1305 1388 1377 1448 defi-

214 1489 340 1551 nitiones
366 1485 507 1569 posuerit.
551 1503 638 1564 quarn
661 1485 685 1546 Ε
706 1485 801 1560 §236
828 1506 888 1550 non
917 1489 1078 1567 genuinum
1105 1489 1203 1549 locum
1226 1495 1324 1550 tenero
1346 1489 1377 1550 in

214 1592 368 1674 propatulo
400 1600 453 1652 est.
502 1589 558 1650 iam
588 1587 714 1668 Kaysero
741 1590 889 1671 displicuit
916 1592 1090 1654 sententiam
1114 1591 1142 1652 E
1162 1592 1229 1661 47⁵
1255 1593 1287 1652 in
1301 1599 1377 1674 >eryl-

216 1695 340 1775 mologia
361 1693 520 1756 adhibitam
543 1691 666 1753 minimo
689 1693 782 1771 spatio
803 1693 925 1756 inlectus
940 1695 1033 1776 repeti
1048 1695 1071 1755 Ε
1086 1693 1127 1756 48
1141 1725 1163 1768 4,
1186 1703 1274 1774 atque
1289 1693 1376 1757 etiam

214 1798 307 1877 magis
330 1797 459 1869 ollendit,
482 1795 560 1875 quod
583 1794 756 1875 etymologia
777 1796 856 1858 inter
877 1807 975 1878 partes
997 1799 1106 1860 inserta
1122 1805 1176 1871 est,
1199 1789 1378 1877 quibusnon
1450 1819 1453 1824 ·

215 1901 371 1963 universus
393 1899 526 1980 epilogus
549 1897 600 1960 sed
622 1898 746 1959 alterum
769 1899 832 1961 eius
855 1901 1037 1976 membrum,
1061 1901 1112 1963 scl.
1135 1901 1276 1975 adlectus,
1300 1910 1378 1962 trac-

214 2013 303 2066 tatur.
347 2004 378 2064 ln
411 2003 506 2082 primo
539 2009 637 2064 autem
671 2001 706 2062 de
737 2001 904 2065 inventione
937 2012 1018 2068 tomo
1045 2002 1218 2085 etymologia
1249 2003 1378 2065 nominis

209 2105 357 2191 prooemii
394 2105 578 2167 definitiones
615 2106 812 2168 antecedebat.
868 2107 1032 2170 Cornutum
1070 2125 1138 2186 ergo
1172 2109 1376 2188 etymologiam

214 2209 343 2271 nominis
369 2208 474 2289 epilogi
502 2210 596 2290 ipsam
624 2227 741 2288 quoque
767 2204 987 2272 definitionibus
1009 2209 1178 2290 praefixisse
1200 2209 1261 2271 veri
1284 2209 1378 2272 simile

215 2322 268 2374 est.
312 2313 437 2374 eundem
470 2331 530 2374 non
564 2312 659 2374 solum
676 2351 678 2356 -
693 2321 753 2374 tres
784 2313 967 2376 definitiones
1000 2315 1030 2375 in
1057 2311 1212 2392 Epitomen
1245 2321 1377 2394 receptas

214 2435 401 2478 enumerasse
423 2414 474 2476 sed
497 2415 584 2476 etiam
606 2423 740 2494 quartam
763 2417 840 2479 inter
860 2435 910 2480 eas
929 2415 1088 2479 inseruisse
1107 2414 1186 2476 Artis
1207 2425 1375 2496 excerptum

212 2539 229 2580 a
251 2519 415 2580 Marcellino
437 2520 547 2578 lactum
571 2517 668 2580 docet:
966 2585 974 2612 Ι
1133 2527 1134 2530 ’

214 2622 248 2682 W
264 2622 301 2684 lV
316 2621 378 2681 422
394 2652 419 2690 20
441 2616 611 2700 (ἐπίλογος
633 2619 716 2699 ἐστι)
739 2618 902 2695 ἐπάνοδος
928 2618 1030 2704 (τῶν)
1056 2619 1243 2702 εἰρημένων.

299 2724 448 2804 Epitomes
481 2731 592 2802 partes,
626 2745 699 2806 quae
732 2726 799 2787 inde
832 2723 1038 2798 a§201—§
1060 2715 1122 2782 220
1146 2721 1377 2801 distinguuntur,

214 2827 339 2889 eundem
356 2826 499 2898 ordinem,
522 2845 609 2904 quem
625 2827 655 2888 in
671 2829 793 2890 Cornuti
807 2830 877 2890 Arte
897 2827 989 2889 secuti
1005 2826 1074 2899 sint,
1091 2843 1205 2886 servare
1220 2824 1377 2899 credimus,

214 2949 282 2992 curn
305 2929 418 2992 ratione
440 2938 470 2989 et
492 2927 613 2989 oonsilio
635 2929 795 3010 dispositae
817 2949 885 2995 esse.
904 2936 1128 3009 cognoscantur.

299 3033 396 3107 §201
429 3032 465 3093 ad
498 3050 547 3092 eas
579 3042 677 3111 partes
709 3032 796 3114 primi
826 3033 863 3094 de
895 3032 1063 3094 inventione
1095 3030 1170 3093 tomi
1203 3030 1377 3109 relegamur,

213 3137 323 3218 quibus
338 3135 533 3216 quaestiones,
557 3134 606 3196 ubi
629 3135 812 3216 prooemium
836 3135 1032 3197 adhibendum
1050 3153 1168 3215 quoqne
1184 3133 1250 3195 loco
1264 3150 1378 3212 ponen-

214 3243 284 3302 dum
308 3250 394 3313 esset,
417 3237 652 3301 continebantur.
696 3239 797 3300 eadem
819 3239 909 3313 enim,
932 3258 1006 3318 quae
1029 3239 1064 3300 de
1080 3236 1240 3319 prooemio,
1263 3236 1299 3298 de
1315 3234 1379 3315 epi-

213 3347 279 3424 logo
308 3343 365 3405 dici
392 3362 489 3423 posse.
533 3341 584 3420 qui
607 3343 682 3404 banc
704 3346 721 3417 ξ
743 3343 858 3421 legerit,
891 3343 921 3404 in
946 3341 1112 3423 opinionem
1136 3341 1307 3412 adducetur,
1345 3347 1379 3400 ut

214 3447 429 3527 quaestionem,
462 3445 511 3508 ubi
543 3445 674 3526 epilogus
705 3445 887 3508 adhibendus
914 3465 1032 3526 quoque
1058 3445 1122 3506 loco
1149 3442 1302 3525 ponendus
1330 3441 1377 3512 sit,

214 3550 245 3611 in
278 3557 382 3630 quarto
416 3549 450 3610 de
484 3549 649 3612 inventione
681 3559 761 3611 tomo
788 3549 908 3610 omnino
934 3567 995 3610 non
1022 3555 1086 3610 e'sse
1108 3555 1262 3609 maantam
1285 3551 1377 3624 putet.

216 3655 266 3716 sed
296 3653 421 3716 maiores
447 3661 544 3732 partes
571 3653 607 3714 ad
637 3654 711 3714 bano
739 3651 940 3733 quaestionem
969 3661 1110 3732 spectant.
1155 3649 1253 3728 itaque
1281 3645 1379 3726 suspi-

216 3776 318 3819 camur
332 3756 497 3817 Cornutum
514 3754 607 3834 magis
622 3755 739 3817 directis
754 3754 850 3816 vorbis
866 3755 902 3816 ad
918 3774 949 3816 ea
962 3755 1115 3834 relegasse,
1130 3771 1204 3832 quae
1217 3749 1379 3813 Alexander

214 3859 414 3940 Apollodoreis
441 3859 609 3920 adversatus
639 3859 675 3920 de
696 3858 952 3938 praetermissione
975 3866 1004 3919 et
1026 3854 1214 3919 collocatione
1236 3849 1378 3933 prooemii

215 3962 322 4024 dixisse
336 3962 367 4022 in
382 3961 478 4042 primo
494 3961 529 4022 de
544 3961 712 4022 inventione
726 3971 809 4023 tomo
824 3961 1002 4024 tradebatur.
1024 3957 1211 4040 nequeenim
1224 3953 1378 4017 Alexandri

216 4066 252 4127 de
279 4065 535 4145 praetermissione
561 4073 591 4126 et
612 4065 802 4130 collocatione
825 4064 929 4145 epilogi
951 4063 1039 4126 verba
1061 4063 1091 4124 in
1114 4057 1259 4138 excerptis
1281 4055 1377 4136 quarti

215 4169 251 4229 de
272 4167 440 4230 inventione
462 4167 536 4230 tomi
557 4167 755 4249 reperiuntur.

222 4296 226 4300 ·
301 4271 404 4346 §202
438 4271 603 4351 exemplum
638 4271 853 4334 controversiae
880 4270 1025 4342 adfertur,
1058 4266 1089 4327 in
1111 4285 1168 4345 qua
1191 4285 1286 4345 neque
1308 4284 1378 4347 pro-

216 4365 311 4438 oemio
344 4394 438 4454 neque
469 4374 633 4436 narratione
667 4379 761 4454 nequ'e
794 4375 923 4455 epilogo,
957 4373 1008 4434 sed
1038 4371 1100 4433 sola
1126 4369 1378 4450 argumentatione
