3538 5212
674 426 718 437 ·-
764 386 881 457 LXVII
927 426 968 438 -

237 589 296 651 quo
318 579 385 650 post
406 567 580 632 adiectivum
603 570 813 653 θρασυτέραν
834 533 956 639 1225030
971 569 1007 630 ab
1029 570 1222 650 epitomatore
1237 569 1325 633 rerba
1347 569 1403 634 καὶ

238 671 363 755 μᾶλλον
385 671 673 754 κεκινδυνευμένην
694 671 802 734 omissa
825 691 890 734 esse
912 672 1107 751 cognoscitur.

323 777 477 840 Alexandri
500 777 535 837 de
557 773 820 854 argumentationis
843 775 1006 836 elocutione
1029 784 1058 837 et
1080 777 1194 838 actione
1216 785 1403 857 praeceptum

238 899 273 941 ex
288 881 402 942 duobus
418 879 481 942 eius
498 879 651 960 excerptis,
667 896 742 958 quae
757 877 788 938 in
804 876 937 957 Epitoma
953 886 1053 940 extant
1069 879 1117 958 (ἐξ
1135 880 1204 954 196,
1224 879 1298 955 197;
1318 879 1403 959 242),

238 984 294 1045 boc
319 984 406 1044 modo
428 982 619 1044 reficiendum
642 1001 706 1043 esse
729 981 857 1042 ridetur:

321 1086 379 1169 την
405 1083 443 1148 δέ
467 1082 535 1148 τῶν
561 1086 706 1148 πίστεων
735 1073 910 1168 ἑρμηνείαν
937 1079 1012 1146 οὔτε
1033 1079 1139 1167 ἀφελῆ
1161 1085 1248 1148 εἶναι
1270 1082 1324 1146 δεῖ
1345 1107 1405 1146 κα-

237 1185 351 1273 θάπερ
373 1187 410 1254 έν
428 1189 468 1278 τῇ
490 1185 641 1270 διηγήσει
664 1183 737 1250 οὔτε
759 1182 1007 1271 ἀνηπλωμένην,
1027 1182 1112 1250 ἀλλὰ
1133 1186 1188 1249 καὶ
1204 1202 1405 1270 συνεστραμ-

236 1293 337 1374 μένην
365 1289 421 1352 καὶ
449 1287 521 1354 οἷον
548 1291 657 1354 εἰπεῖν
686 1289 842 1374 κωνοειδῆ
869 1290 924 1353 καὶ
953 1289 990 1354 τὸ
1018 1287 1157 1354 σύνολον
1184 1284 1406 1374 ἀγωνιστικὴν

237 1393 293 1456 καὶ
326 1389 503 1475 ἐναγόνιόν
535 1393 648 1456 τεκαὶ
671 1390 810 1479 πικρόν·
840 1397 966 1474 γίνεται
990 1391 1027 1457 δέ
1049 1393 1196 1479 τοιαύτη,
1220 1389 1300 1459 ὅταν
1323 1390 1403 1476 ἆνόη

235 1519 286 1570 τις
313 1493 414 1580 αὐτὴν
442 1495 614 1581 περιόδοις
642 1497 698 1562 καὶ
721 1493 847 1570 κοίλοις.
893 1494 1102 1581 ἁρμόζεσθαι
1126 1497 1163 1561 δὲ
1185 1497 1239 1562 δεῖ
1259 1496 1300 1588 τῇ
1320 1494 1405 1562 aino-

237 1603 344 1684 κρίσει
365 1599 423 1665 τδν
444 1599 581 1680 λέγοντα
604 1599 688 1682 πρὸς
709 1599 746 1664 τό
771 1601 879 1684 σχῆμα
901 1602 959 1664 τοῦ
982 1597 1089 1680 λόγου.

322 1705 401 1778 Quin
423 1706 480 1767 hoc
501 1715 691 1786 praeceptum
714 1705 745 1764 in
769 1703 891 1766 Cornuti
906 1705 977 1766 Arte
999 1706 1063 1785 ipsa
1086 1704 1270 1766 definitiones
1292 1705 1404 1786 periodi

237 1821 267 1871 et
289 1809 428 1882 membri,
456 1827 582 1888 quarum
605 1816 775 1888 excerptum
800 1807 935 1888 Epitome
958 1809 1055 1870 tenuit
1077 1807 1107 1888 (ᾗ
1123 1807 1207 1883 242),
1231 1817 1404 1870 consecutae

237 1914 310 1988 sint,
333 1931 393 1973 non
417 1912 597 1973 dubitamus.
641 1930 708 1971 cum
733 1912 811 1972 enim
835 1911 997 1973 Alexander
1020 1911 1134 1992 saepius
1157 1910 1254 1990 aliquo
1278 1911 1404 1974 termino

238 2015 371 2078 technico
395 2035 467 2076 usus
489 2015 553 2076 eius
569 2013 769 2076 definitionem
786 2015 831 2076 vel
845 2015 1007 2094 longiorem
1025 2014 1244 2094 explicationem
1262 2014 1406 2076 addiderit

236 2122 283 2195 (cf.
306 2120 371 2181 adn.
388 2117 462 2179 LXV
476 2121 511 2193 υ),
534 2118 662 2180 eundem
685 2117 774 2179 simili
795 2119 881 2180 modo
907 2117 1091 2180 definitiones
1109 2118 1232 2180 membri
1249 2127 1278 2179 et
1292 2118 1405 2199 periodi

236 2223 349 2284 dedisse
372 2221 595 2302 Cornutumque
623 2221 665 2283 eis
692 2241 759 2283 suas
782 2221 966 2283 definitiones
989 2230 1019 2283 et
1041 2222 1111 2283 alias
1133 2221 1300 2283 adiunxisse
1322 2221 1405 2283 iacile

236 2327 381 2388 credatur.
427 2323 550 2386 Cornuti
571 2324 662 2404 igitur
683 2326 738 2386 Ars
760 2325 840 2398 loco,
863 2325 899 2386 de
921 2345 979 2405 quo
1002 2326 1113 2405 agitur,
1140 2325 1212 2386 baec
1233 2325 1295 2386 lere
1317 2325 1405 2387 verba

235 2427 310 2492 ἐπεὶ
345 2427 382 2490 δέ
415 2425 474 2511 την
506 2427 570 2490 τόν
602 2430 747 2490 πίστεων
781 2424 955 2510 ἑρμηνείαν
986 2425 1112 2512 ἔφαμεν
1144 2424 1316 2512 περιόδοις
1349 2428 1405 2490 καὶ

235 2529 352 2606 κώλοις
373 2527 556 2614 οἷνυομένην
571 2533 657 2595 εἶναι
674 2529 757 2606 δεῖν,
782 2528 896 2614 ῥητέον
910 2533 943 2592 τί
958 2529 1028 2593 ἐστι
1044 2527 1148 2593 κῶλον
1163 2529 1218 2593 καὶ
1234 2528 1402 2613 περίοδος,

235 2647 298 2698 turn
322 2635 478 2698 Alexandri
505 2634 690 2696 definitiones
718 2635 825 2695 borum
855 2633 1071 2696 terminoruml
1099 2642 1129 2696 et
1151 2635 1273 2696 Cornuti
1296 2635 1402 2697 defini-

236 2741 329 2802 tiones
359 2759 415 2801 una
446 2759 513 2801 cum
542 2757 641 2800 earum
670 2737 945 2818 explicationibus¹,
979 2757 1052 2818 quas
1082 2737 1257 2818 epitomator
1283 2739 1401 2818 recepit,

235 2853 265 2904 et
299 2847 422 2904 fortasse
456 2841 569 2924 periodi
603 2841 801 2928 definitionem
836 2841 1063 2922 respondentem
1094 2842 1217 2902 membri
1241 2841 1403 2902 definitioni

234 2946 313 3007 248
330 2979 355 3016 re
378 2955 507 3007 servatae
530 2944 698 3006 exhibuisse
720 2943 849 3024 putanda
873 2952 927 3005 est.

320 3050 404 3122 Quod
432 3049 468 3111 ad
491 3047 645 3111 Alexandri
668 3048 702 3109 de
725 3047 831 3128 epilogi
854 3047 1018 3108 elocutione
1040 3055 1069 3108 et
1091 3046 1204 3108 actione
1227 3046 1329 3120 verba,
1356 3047 1402 3108 in«

233 3161 347 3214 certum
376 3163 434 3225 est,
470 3161 570 3215 utrum
598 3151 733 3233 specialia
760 3151 795 3212 de
824 3150 1072 3232 recapitulationis
1099 3159 1128 3211 et
1150 3151 1317 3212 adfectuum
1340 3149 1402 3211 elo-

233 3256 351 3318 cutione
384 3265 537 3337 praecepta
570 3265 638 3318 ante
672 3255 805 3334 generale
839 3255 874 3314 de
901 3254 1007 3335 epilogi
1034 3252 1198 3316 elocutione
1231 3262 1261 3314 et
1288 3252 1402 3314 actione

232 3369 422 3440 praeceptum
445 3359 477 3420 in
492 3359 616 3422 Cornuti
631 3360 701 3420 Arte
723 3359 817 3438 posita
840 3357 952 3418 fuerint
974 3377 1011 3418 an
1034 3357 1199 3419 contrarius
1215 3357 1286 3418 ordo
1302 3355 1400 3418 luerit.

234 3462 391 3524 traduntur
414 3461 461 3524 illa
484 3471 638 3542 praecepta
661 3463 721 3522 iere
743 3461 866 3540 integra,
891 3469 924 3522 ut
938 3461 1062 3529 videtur,
1085 3460 1116 3520 in
1138 3461 1282 3540 excerptis
1305 3458 1402 3540 quarti

234 3567 269 3627 de
284 3565 453 3628 inventione
469 3565 543 3627 tomi
566 3567 615 3647 (ἐξ
632 3565 703 3636 221,
727 3564 811 3646 238),
834 3567 891 3628 hoc
905 3585 940 3626 ex
955 3573 1092 3645 excerpto
1108 3563 1257 3643 Epitomes
1280 3563 1311 3642 (ξ
1326 3561 1400 3638 243)

233 3680 263 3730 et
277 3680 413 3751 excerpto
428 3669 538 3732 Nicolai
561 3671 615 3751 (Sp
630 3670 670 3730 lIl
685 3669 748 3732 477
762 3705 775 3742 5
790 3687 854 3749 sqq.
866 3695 908 3722 =
920 3668 957 3729 W
971 3668 998 3729 ll
1013 3669 1075 3729 614
1090 3673 1113 3742 5)
1138 3667 1218 3728 bunc
1232 3666 1262 3727 in
1280 3665 1401 3726 modum

233 3774 451 3836 restituendum
475 3783 534 3835 est:

317 3873 337 3959 ἦ
374 3874 411 3938 δὲ
446 3876 510 3940 τῶν
545 3869 714 3952 castoreo
750 3870 871 3958 φράσις
892 3869 987 3956 [ὅλως
1020 3869 1194 3956 παθητικὴ
1228 3867 1310 3934 ἔστω
1344 3867 1401 3932 καὶ

233 3976 454 4062 τολμηροτέροι
475 3989 545 4054 τοῖς
568 3975 714 4062 σχήμασι
737 3977 793 4040 καὶ
815 3987 888 4052 ταῖς
903 3971 1077 4040 δεινοίσεσι
1093 3975 1148 4038 καὶ
1163 3983 1234 4048 τοῖς
1250 3971 1401 4053 σχετλια-

233 4091 340 4162 σμοῖς,
361 4077 381 4165 η
403 4080 441 4144 δέ
462 4076 639 4165 ὑπόκρισις
662 4083 945 4165 περιπαθεστέρα.

300 4215 366 4267 ¹Ci.
385 4216 545 4266 definitiones
570 4216 669 4284 periodi
694 4221 721 4265 et
743 4215 847 4265 membri
869 4215 896 4264 in
915 4211 1057 4263 Alexandri
1080 4211 1111 4260 de
1133 4210 1222 4273 liguris
1240 4210 1306 4260 libro
1325 4209 1357 4276 Sp
1369 4207 1402 4260 ΠΙ

234 4285 372 4352 2717sqq.,
390 4300 495 4350 querum
512 4286 585 4350 prior
604 4285 754 4348 corrigenda
771 4291 810 4333 est
829 4283 965 4333 secundnm
983 4280 1082 4331 Tiberii
1100 4280 1178 4330 verba
1196 4278 1229 4345 Sp
1241 4276 1274 4328 tlt
1292 4277 1324 4328 93
1339 4292 1359 4330 τ.

232 4423 256 4472 (Γ
300 4353 365 4434 ²(Ji.
387 4354 418 4404 W
434 4351 478 4406 Vll
497 4353 654 4419 Stlbsosqq„
680 4352 727 4402 931
744 4368 813 4416 seqq.
833 4360 860 4402 et
885 4367 947 4417 quae
975 4351 1005 4400 de
1031 4350 1071 4399 bis
1096 4347 1163 4398 locis
1189 4363 1266 4414 supra
1286 4363 1308 4414 p.
1322 4344 1400 4396 XXX

249 4437 407 4478 asseruimus.

1210 4503 1241 4556 Θ*
