3538 5212
848 381 1066 444 ..12-

374 555 484 622 νότων.
529 558 646 622 τοῦτον
667 559 724 622 τόν
747 554 825 642 ὅρον
843 555 1053 636 Ἀλέξανδρος
1076 549 1197 640 ἀκριβῆ
1223 560 1284 634 μὲν
1310 558 1397 618 εἷναί
1424 574 1539 639 φησιν,

373 658 412 726 οὐ
434 665 498 749 μήν
520 659 694 726 πολιτικὸν
716 659 793 726 οὐδὲ
816 657 999 745 ῥητορικόν·
1023 658 1077 722 δεῖ
1098 659 1160 740 γάρ
1184 663 1388 743 σαφέστερον
1410 659 1452 722 τά
1472 683 1540 724 τοι-

372 767 456 830 αῦτα
478 761 697 848 ὑπογράφειν.
748 767 797 828 50.
817 761 1068 846 Ἀπολλόδωρος
1091 762 1128 826 δὲ
1150 757 1267 836 οὕτως·
1296 760 1448 846 διήγησίς
1470 763 1541 826 ἐστι

373 868 596 953 περιστάσεως
616 869 758 942 ἔκθεσις.
789 870 954 951 μέμφεται
976 866 1014 930 δὲ
1036 863 1248 948 Ἀλέξανδρος
1273 867 1402 929 τοῦτον·
1434 863 1453 949 ή
1478 866 1579 949 γὰρι,

373 977 569 1054 περίστασις
600 967 773 1052 ἄθροισμα
796 967 985 1054 προσώπων
1008 969 1064 1032 καὶ
1087 968 1239 1051 πράξεων
1261 969 1317 1031 καὶ
1340 971 1464 1033 παθῶν
1485 971 1541 1032 καὶ
1560 981 1622 1036 435

373 1068 488 1140 αἰτιῶν
509 1075 564 1138 καὶ
588 1069 747 1155 ἀφορμῶν
769 1073 824 1135 καὶ
840 1071 967 1152 χρόνων
989 1071 1091 1148 ἐστίν,
1115 1070 1151 1134 αἲ
1174 1071 1211 1135 δὲ
1232 1069 1400 1156 διηγήσεις
1415 1070 1540 1137 πολλά-

372 1202 423 1252 κις
457 1177 528 1253 ε’νὸς
561 1174 683 1242 τούτων
721 1177 823 1252 εἰσίν,
864 1173 902 1240 οὗ
941 1170 1087 1240 πάντων.
1136 1178 1186 1238 51.
1221 1171 1302 1239 ὅθεν
1330 1173 1542 1258 Ἀλέξανδρος

372 1278 515 1365 ὁρίζεται
546 1278 646 1365 αὐτήν
675 1275 791 1354 οὕτως·
826 1276 977 1363 διήγησίς
1000 1278 1090 1344 ἐστιν
1113 1277 1247 1352 ε”κθεσις
1270 1279 1323 1341 καὶ
1353 1278 1542 1360 παράδοσις

372 1385 416 1470 τῷ
440 1381 581 1474 ἀκροατῇ
603 1385 661 1448 τοῦ
684 1380 875 1466 πράγματος
898 1375 936 1446 οὗ
958 1379 1165 1464 κοινοόμεθα
1187 1379 1284 1466 adoni.
1527 1459 1530 1466 .

446 1489 508 1552 52.
544 1489 665 1571 Διττής
695 1486 732 1549 δὲ
760 1489 816 1569 τῆς
844 1483 1025 1570 διηγήσεως
1053 1482 1151 1568 οὔσης
1177 1486 1233 1569 τῆς
1254 1484 1315 1567 μὲν
1336 1486 1464 1569 γενικής
1486 1485 1542 1567 τῆς
1565 1506 1599 1560 10

372 1587 409 1652 δὲ
432 1589 569 1674 είδικής,
597 1591 655 1674 τήν
682 1589 742 1673 μὲν
767 1588 899 1672 γενικήν
929 1582 1031 1661 οὕτως
1059 1584 1241 1670 ὁρίζονται·
1273 1584 1425 1670 διήγησίς
1451 1586 1542 1651 ἐστιν

372 1688 558 1774 ἀπαγγελία
572 1690 776 1778 πραγμάτων
794 1689 994 1778 (γεγονότων
1009 1715 1028 1775 η
1051 1689 1154 1756 ὄντων
1176 1688 1196 1774 η“
1211 1687 1407 1773 μελλόντων·
1431 1690 1489 1775 τήν
1505 1690 1542 1755 δὲ

373 1794 499 1879 είδικήν
515 1792 618 1872 οὕτως
633 1793 814 1878 όρίζονται·
841 1792 992 1880 διήγησίς
1008 1795 1098 1861 ἐστιν
1114 1791 1302 1873 ἀπαγγελία
1317 1791 1537 1877 πραγμάτων)

371 1902 594 1984 γεγενημένων
616 1897 636 1984 ή
658 1896 762 1964 ὄντων
783 1898 841 1962 ἐπὶ
864 1899 975 1982 κριτοῦ
997 1896 1017 1982 ἢ
1040 1899 1170 1978 κριτῶν,
1194 1894 1277 1980 ὑπὲρ
1301 1890 1345 1961 ῶν
1360 1896 1414 1960 δεῖ
1429 1901 1542 1981 φέρειν

372 2001 429 2076 τάς
452 1999 651 2077 ἀποδείξεις.
696 2004 751 2086 τής
774 2002 812 2065 δὲ
834 2001 958 2086 είδικής
981 1999 1161 2076 ἀποδόσεις
1184 1999 1219 2063 αἱ
1242 2000 1483 2084 naal-adoniam.
1564 2021 1595 2076 15

457 2106 507 2167 53.
535 2103 626 2170 Ἔστι
643 2105 680 2168 δὲ
700 2108 766 2170 τῶν
781 2103 964 2190 διηγήσεων
980 2105 1051 2190 εἴδη
1075 2107 1190 2168 ταότα·
1214 2101 1250 2167 αἱ
1272 2103 1332 2185 μὲν
1353 2103 1413 2183 γὰρ
1435 2100 1542 2167 αὐτῶν

373 2209 459 2270 εἰσιν
481 2205 633 2292 ἀληθεῖς,
657 2207 693 2272 αἶ
716 2209 752 2273 δὲ
775 2209 1023 2292 πεπίασμέναι,
1051 2209 1106 2271 καὶ
1129 2207 1164 2271 αἶ
1187 2207 1247 2291 μὲν
1269 2208 1326 2272 ἐπὶ
1350 2208 1468 2290 κριτῶν
1490 2206 1542 2269 λε-

372 2309 522 2395 νόμεναι,
546 2312 582 2374 αἶ
605 2311 745 2376 δὲκαθ’
769 2310 895 2386 ἑαυτάς.
936 2315 986 2374 54.
1011 2312 1066 2376 καὶ
1089 2313 1259 2376 τῶνκαθ’
1283 2309 1401 2385 ἑαυτάς
1423 2307 1459 2373 αἱ
1481 2313 1542 2393 μέν

372 2417 438 2478 είσι
460 2419 627 2498 βιωτικαί,
651 2409 686 2479 αἱ
710 2416 746 2480 δὲ
770 2415 946 2500 ἱστορικοί,
971 2413 1007 2479 αἱ
1030 2414 1067 2479 δὲ
1089 2419 1250 2500 neotum,
1279 2412 1315 2478 αἳ
1339 2413 1376 2478 δὲ
1398 2436 1541 2499 περιπε-

438 2569 454 2637 ᾖ
472 2571 505 2621 52
524 2570 568 2620 AR
586 2569 625 2620 HS
640 2570 672 2622 W
687 2569 731 2622 Vll
751 2571 799 2621 729
813 2586 891 2624 ιε-εο

371 2678 691 2692 --ι·

440 2731 454 2780 2
474 2726 616 2791 πομπικὸν
636 2730 703 2781 Pom
719 2729 745 2794 F,
767 2729 803 2779 ita
822 2727 877 2780 iore
895 2729 972 2780 scribi
992 2726 1111 2779 voluiili
1127 2724 1196 2780 κατὰ
1214 2729 1313 2781 τοῦτον
1330 2728 1377 2781 τὸν
1394 2726 1460 2801 ὅρον
1471 2725 1542 2784 Ἀλέ-

371 2797 484 2871 ξανδρος
504 2797 600 2864 ἀκριβῆ
618 2797 670 2864 μὲν
692 2796 762 2850 εἶναί
785 2813 871 2866 φησιν
890 2799 947 2858 (sol.
965 2793 1012 2862 τὴν
1030 2790 1169 2864 διήγησιν)
1187 2794 1218 2848 οὐ
1236 2794 1293 2865 μὴν
1311 2797 1457 2866 πομπικὴν
1476 2797 1541 2852 οὐδὲ

370 2859 518 2940 ῥητορικήν.
549 2867 552 2936 ί
577 2867 674 2919 servu
728 2867 757 2917 12
779 2868 893 2918 lacunam
911 2867 935 2916 in
953 2865 971 2915 P
992 2865 1080 2916 esseF
1099 2868 1239 2929 intellexit,
1256 2868 1299 2917 sed
1319 2868 1383 2917 nihil
1403 2869 1451 2919 nisi
1470 2869 1540 2920 HSae

371 2939 449 2989 verbo
469 2937 502 2987 W
518 2935 561 2987 Vl
580 2937 629 2986 729
642 2951 720 2989 το-οο
739 2934 903 3003 <γεγονόιων
920 2930 937 2999 ἢ
955 2929 1041 2986 δνιων
1058 2930 1076 2998 ἥ
1091 2934 1255 3002 μελλόντων,
1273 2930 1289 3000 ἡ
1308 2935 1336 2988 δὲ
1352 2933 1435 3002 ericii,
1451 2932 1541 3002 ἀπαγ-

369 3007 445 3072 γελία
469 2996 652 3073 πραγμάτων)
675 3005 771 3070 recepit
824 3005 854 3054 ll
873 3004 956 3055 sinin
975 3020 1013 3055 sia
1031 3004 1080 3068 Sag
1136 3004 1164 3056 19
1183 3003 1212 3054 αἱ
1238 3002 1269 3055 δὲ
1295 3003 1438 3078 ἱστορικοί,
1465 3009 1495 3057 αἱ
1511 3004 1541 3057 δὲ

368 3077 488 3142 metirent
504 3073 586 3124 deleri
604 3081 649 3124 eut
666 3079 724 3140 post
742 3074 933 3140 πεπλασμέναι
950 3073 1009 3139 poni
1027 3073 1105 3124 iussit
1124 3069 1145 3122 {i

438 3231 454 3298 ξ
473 3232 505 3282 50
524 3231 609 3296 Quint.
623 3230 655 3282 {V
676 3232 727 3284 2⁸1
747 3234 863 3282 narratio
884 3237 928 3295 est,
945 3269 951 3281 .
970 3267 976 3281 .
996 3235 1024 3282 ut
1046 3229 1222 3299 Apollodorus
1244 3231 1316 3296 finnt,
1343 3234 1426 3282 oratio
1451 3232 1540 3284 doeens

370 3299 521 3366 auditorem,
540 3299 601 3365 quid
617 3303 645 3350 in
662 3303 832 3350 controuersia
849 3303 891 3350 sit.
923 3304 1003 3365 περί
1008 3315 1126 3354 στάσις
1144 3299 1229 3364 Quint.
1242 3297 1275 3349 111
1293 3303 1346 3355 51⁷
1362 3303 1492 3367 negotium
1504 3305 1541 3352 sio

366 3369 432 3434 finit
449 3369 657 3434 (Apollodorus):
677 3371 808 3434 negotium
826 3373 864 3419 est
881 3371 1046 3436 congregatio
1060 3383 1236 3435 personarum,
1254 3367 1373 3432 looorum,
1391 3373 1539 3436 temporum,

368 3451 516 3501 causarum,
533 3436 673 3502 modorum,
686 3453 800 3498 oasaum,
811 3439 957 3502 sociorum,
970 3441 1207 3497 instrumentorum,
1220 3452 1374 3501 sermonum,
1386 3442 1540 3507 scriptoram

368 3509 393 3556 et
410 3521 458 3555 non
476 3508 628 3571 scriptorum
642 3543 668 3557 ..
686 3522 753 3557 nuno
770 3507 946 3570 intellegamus
964 3545 970 3558 .
988 3509 1120 3573 negotium
1138 3509 1305 3575 περίστασιν.

402 3573 418 3638 §
436 3575 478 3635 54,
495 3575 526 3623 55
546 3573 644 3624 Corn}
663 3574 677 3639 5
693 3577 721 3624 12
740 3573 926 3626 Narrationum
1018 3575 1069 3625 Cic.
1088 3577 1118 3624 de
1135 3573 1187 3624 Inr.
1204 3574 1214 3625 1
1232 3573 1248 3640 ξ
1266 3574 1297 3624 27
1315 3611 1340 3625 ..
1359 3577 1539 3626 narrationum

369 3645 421 3692 tria
436 3658 535 3707 genera
551 3647 627 3694 sunt:
647 3659 726 3694 unum
743 3649 789 3702 eet,
807 3659 863 3694 eum
880 3662 927 3695 en·
979 3659 1075 3709 genero
1091 3645 1143 3694 tria
1159 3648 1234 3693 sunt:
1254 3659 1335 3692 unum
1349 3660 1434 3708 genus
1450 3649 1495 3706 est,
1512 3647 1539 3693 in

368 3713 488 3776 ponimus
509 3727 564 3761 rem
577 3717 679 3776 gestam
692 3717 717 3762 et
729 3728 807 3762 unum
819 3713 928 3778 quidque
982 3727 1030 3778 ητιο
1053 3715 1111 3780 ipsa
1128 3728 1206 3763 eausa
1223 3706 1263 3771 (τὸ
1283 3708 1541 3778 ἀμφισβητούμενον

368 3781 497 3830 trahimus
519 3779 554 3830 ad
577 3778 714 3831 utilitatem
737 3784 852 3831 nostram
873 3785 926 3832 nin-
983 3776 1060 3840 αὐτὸ)
1074 3785 1098 3830 et
1110 3783 1193 3830 omnis
1204 3783 1273 3831 ralia
1286 3784 1470 3831 controuersiae
1481 3796 1540 3831 oon-

369 3847 442 3898 eendi
449 3863 535 3909 eausa,
545 3849 612 3912 quad
618 3851 724 3916 pertinet
733 3849 767 3899 ad
775 3865 818 3898 eas
827 3865 927 3912 causas,
982 3853 1087 3900 linatur.
1121 3850 1241 3910 alterurn,
1257 3851 1283 3898 in
1296 3863 1343 3912 qua
1355 3848 1481 3914 digressio
1493 3850 1540 3900 oli·

369 3916 400 3966 dr
417 3917 507 3981 onibus
523 3917 844 3984 ludiciumsuturumost,·
863 3918 927 3968 olle·
983 3933 1032 3984 qua
1057 3921 1133 3968 eontra
1155 3933 1261 3968 oausam
1285 3920 1331 3967 aul
1353 3920 1540 3968 criminationis

368 4001 429 4037 rum
443 4001 527 4052 genus
538 3990 577 4036 est
590 3989 754 4047 narrationis,
771 3986 837 4052 qood
847 3989 927 4036 inter-
981 3991 1027 4036 ant
1044 3986 1221 4037 similitudinis
1232 3989 1278 4035 aut
1289 3983 1473 4046 delectationis,
1491 4002 1540 4036 non

368 4057 450 4105 sumit
473 4070 522 4104 nan
544 4071 683 4120 numquam
702 4055 770 4120 fidei
786 4057 927 4118 (πίστεως)
981 4057 1078 4106 alienae
1100 4057 1131 4104 ab
1152 4072 1179 4105 eo
1197 4057 1306 4119 negotio,
1328 4069 1378 4118 ηιιο
1395 4053 1425 4104 de
1441 4058 1540 4120 agitur,

368 4125 413 4172 ont
431 4125 620 4174 criminationis
639 4122 787 4187 (διαβολῆς)
798 4128 846 4174 aut
856 4129 926 4174 iran—
981 4128 1027 4174 σαί
1053 4123 1261 4190 amplificationis
1284 4116 1440 4186 (αὐξήσεως)
1462 4139 1540 4174 eausa

368 4193 471 4242 sitianis
482 4196 528 4242 out
539 4193 649 4242 alieuius
659 4195 829 4260 apparitionis
841 4208 926 4242 eausa.
981 4195 1157 4259 interponitur.
1193 4196 1296 4242 tertium
1310 4208 1395 4256 gennis
1410 4195 1447 4240 est
1460 4207 1541 4243 remo-

368 4263 473 4310 ierlium
492 4277 576 4327 genus
599 4266 637 4312 est
658 4261 697 4323 id,
725 4260 792 4326 quod
812 4277 828 4310 a
849 4277 927 4311 emesa
981 4266 1036 4312 tum
1054 4277 1071 4311 a
1089 4261 1203 4312 civilibus
1220 4263 1304 4311 caenis
1317 4296 1323 4308 .
1337 4297 1363 4311 ..
1382 4263 1437 4310 eius
1452 4264 1540 4328 partes

368 4327 436 4378 cirili
445 4333 568 4379 remotum
582 4333 620 4378 est
632 4330 673 4390 (al
684 4328 748 4378 καίν’
758 4325 864 4392 ἑαυτάς)
878 4359 885 4380 τ
899 4367 925 4380 ..
980 4333 1042 4380 sunt
1064 4328 1129 4379 duae
1149 4345 1260 4394 quarum
1276 4329 1359 4380 altera
1377 4331 1404 4378 in
1421 4331 1539 4395 negotiis,

368 4399 423 4446 eius
457 4401 614 4448 narrationis
646 4397 696 4448 duo
726 4411 824 4464 genera
854 4403 925 4448 sunt:
980 4399 1063 4448 altero
1089 4401 1114 4448 in
1137 4402 1255 4466 personis
1276 4399 1392 4448 monime
1414 4402 1538 4449 versatur.
