3536 5208
715 427 940 492 -xv-

248 616 301 681 cst,
324 606 494 688 particulam
519 625 583 668 esse
598 604 735 678 vidimus,
758 625 832 687 qnae
855 625 890 666 ex
907 604 984 666 drtis
1006 604 1149 684 excerptis
1165 611 1289 676 constat,
1312 602 1348 663 W
1364 602 1413 666 Vll

249 711 310 774 729
325 709 455 786 οη-730
470 710 507 780 0¹·

490 810 767 882 wiltunam-,2
850 809 926 870 :E
948 809 1021 884 §52

492 913 924 984 wintica-7302&
947 914 1071 988 astte,
1090 913 1149 975 129

491 1016 737 1087 utilitum
845 1016 926 1078 :E
948 1019 984 1091 ᾗῇ
1003 1015 1072 1090 127,
1091 1016 1150 1080 128

249 1121 318 1184 linis
346 1121 539 1194 narrationis,
565 1139 624 1198 qno
653 1118 725 1182 haee
752 1137 820 1198 pars
843 1119 1000 1182 inchoatur
1022 1120 1058 1180 W
1074 1119 1123 1180 Vll
1140 1117 1201 1181 729
1217 1146 1242 1187 ιγ
1265 1115 1415 1200 διήγησίς

248 1221 339 1288 ἐστιν
366 1220 499 1296 dedecus
527 1218 730 1304 πραγμάτων
751 1218 932 1300 γεγονότων
954 1219 973 1305 ἢ
997 1217 1039 1294 ὠς
1062 1218 1243 1300 γεγονότων
1264 1220 1414 1300 Epitomae

249 1326 331 1388 deest
363 1344 459 1406 neque
491 1343 558 1389 cum
593 1325 644 1398 eis,
671 1325 800 1404 quaein
825 1325 948 1390 Scholiia
971 1343 1037 1388 eum
1062 1334 1238 1406 sequuntur,
1261 1324 1414 1404 congruit3

248 1427 401 1492 namtfini
433 1427 561 1510 γενικῆς
595 1424 786 1509 διηγήσεως,
820 1430 981 1492 secundum
1016 1447 1103 1508 quem
1139 1427 1300 1492 narrationi
1327 1427 1414 1490 etiam

248 1531 410 1596 enuntiatio
432 1529 631 1613 praesentium
655 1539 684 1594 et
706 1533 872 1596 futurarum
889 1551 989 1596 rernm
1006 1533 1118 1602 subest,
1140 1539 1293 1611 repugnat.
1317 1539 1415 1593 nmen

248 1653 316 1696 enm
339 1653 406 1698 cum
430 1633 535 1696 ceteris
558 1652 593 1696 ex
614 1633 684 1696 Arte
706 1635 912 1717 depromptum
929 1644 1077 1717 putamus,
1101 1653 1167 1696 cum
1192 1652 1259 1697 euna
1275 1633 1415 1698 adolium

247 1737 345 1800 locum
367 1737 446 1802 Artis
469 1737 543 1798 bene
565 1737 708 1816 quadrare
725 1737 926 1802 'demonstrari
948 1739 1051 1820 possit.
1305 1729 1319 1732 ,.

335 1839 366 1902 ln
383 1839 479 1920 primo
495 1841 620 1920 denique
636 1851 716 1904 torno
733 1841 926 1915 Scholimnm,
943 1845 994 1922 qui
1006 1840 1198 1920 Hermogenis
1214 1841 1248 1902 de
1263 1839 1415 1921 prooemio

249 1943 410 2023 praeceptis
442 1943 678 2024 interpretationi
712 1953 766 2018 est,
800 1946 854 2006 tria
884 1955 1018 2025 excerpta
1041 1945 1120 2006 Artis
1143 1943 1414 2024 deprehenduntur,

250 2065 324 2124 qnae
346 2045 376 2106 in
399 2065 542 2128 anonyma
557 2047 796 2126 Prolegomenal
817 2068 936 2128 qnoque
956 2057 1072 2129 recepta
1088 2056 1166 2109 sunt.
1203 2047 1320 2108 initium
1337 2045 1415 2110 enim

251 2147 436 2210 Seholiorum
450 2149 689 2222 7771169754
711 2149 988 2230 Prolegomenorum
1013 2151 1171 2233 particulae
1182 2148 1321 2210 7771152
1337 2179 1416 2219 Μ,

210 2299 212 2302 .
250 2268 372 2331 prorsus
395 2271 448 2332 par
470 2262 523 2327 est,
547 2253 597 2314 sed
620 2253 791 2314 adverbium
814 2257 932 2336 κυρίως
954 2273 982 2334 p.
998 2254 1038 2315 52
1054 2285 1089 2328 ιι,
1113 2253 1190 2332 quod
1213 2261 1326 2314 rectum
1350 2271 1415 2314 csse

248 2353 312 2416 loco
333 2355 357 2416 tt
375 2357 434 2428 11³
456 2356 658 2430 confirmatur,
691 2376 720 2438 p.
741 2356 830 2427 697,
851 2357 882 2417 in
905 2357 1024 2430 κοινῶς
1045 2365 1216 2436 corruptum
1240 2363 1293 2416 est.
1337 2355 1416 2417 Artis

250 2457 285 2518 de
302 2457 416 2520 actione
431 2458 574 2539 prooemii
589 2469 776 2540 praeceptum
793 2468 823 2522 et
833 2460 925 2522 WVll
938 2462 1019 2532 7157
1032 2468 1061 2522 et
1076 2459 1172 2520 WVll
1188 2457 1228 2519 52
1238 2490 1272 2530 aa,
1288 2458 1366 2520 Artis
1382 2459 1417 2519 de

249 2559 414 2623 elocutione
428 2561 571 2641 prooemii
585 2573 772 2643 praeceptum
789 2573 819 2624 et
833 2563 998 2626 77711716
1013 2593 1034 2637 7,
1049 2563 1073 2620 7
1089 2561 1150 2623 382
1167 2570 1221 2631 ,et
1236 2563 1271 2623 W
1282 2561 1332 2623 Vll
1344 2560 1416 2631 5211

249 2664 389 2726 adfertur.
427 2666 505 2744 quod
529 2665 644 2728 Scholia
666 2666 782 2744 plenius
804 2685 891 2745 quarn
908 2667 1117 2746 Prolegomena
1139 2665 1286 2739 exhibent,
1310 2667 1361 2726 sed
1384 2665 1415 2726 in

249 2766 305 2828 illis
335 2767 423 2830 verha
450 2768 538 2830 huius
567 2769 723 2849 praecepti,
747 2769 841 2849 qualia
868 2769 899 2831 in
922 2771 991 2832 Arte
1014 2779 1107 2842 eraut,
1142 2770 1233 2848 magis
1266 2786 1354 2848 quam
1383 2767 1414 2828 in

249 2867 469 2948 Prolegomenis
491 2870 620 2932 mutata²
644 2881 674 2932 et
696 2873 844 2946 ordinem,
867 2891 954 2951 quem
978 2873 1036 2934 dno
1058 2880 1189 2934 extrema
1211 2880 1363 2952 praecepta
1385 2870 1415 2930 in

250 2972 320 3032 Arte
346 2971 544 3050 sequebantur
572 2982 601 3034 et
631 2974 662 3034 in
688 2973 907 3053 Prolegomenis
935 2975 1078 3048 servant³,
1111 2976 1317 3055 perturbatum
1350 2991 1416 3036 esse

253 3083 376 3136 constat.
422 3075 500 3140 Artis
522 3095 591 3156 ergo
614 3088 758 3158 excerpta,
789 3098 864 3158 quae
894 3079 1017 3142 Scholiis
1040 3087 1069 3142 et
1092 3077 1310 3158 Prolegomenis
1332 3095 1415 3140 com-

252 3178 352 3244 munia
367 3188 446 3256 sunt,
469 3171 529 3242 non¹
544 3199 578 3242 ex
601 3181 691 3244 altero
713 3200 800 3262 opere
815 3181 845 3242 in
861 3184 986 3244 alterum
1002 3183 1193 3262 transscripta
1208 3192 1287 3244 sunt.
1320 3199 1415 3260 neque

251 3291 348 3343 autem
372 3283 526 3362 utriusque
548 3283 644 3363 operis
667 3294 769 3348 auctor
791 3286 862 3346 haec
883 3285 919 3346 ab
935 3287 1004 3350 Arte
1019 3287 1081 3367 ipsa
1097 3286 1238 3367 repetisse
1254 3284 1415 3348 credendus

250 3393 304 3458 est,
327 3385 393 3464 quia
417 3387 447 3446 in
463 3388 531 3448 hrtc
554 3387 609 3448 tria
631 3389 782 3452 enuntiata
798 3389 833 3449 W
848 3389 898 3452 Vll
915 3389 954 3450 52
970 3420 1048 3460 Μ
1061 3417 1105 3444 --.
1119 3389 1180 3452 697
1197 3421 1250 3461 5-9
1273 3387 1353 3450 haud
1375 3387 1415 3448 ita

194 3519 198 3528 ,
251 3487 404 3550 coniuncta
433 3499 526 3552 erant.
580 3491 770 3573 relinquitur,
802 3501 835 3554 ut
861 3493 1004 3559 uetustior
1032 3493 1192 3557 Scholiasta
1220 3490 1412 3570 hermogenis

250 3591 287 3654 de
312 3591 378 3652 Jnv.
406 3591 558 3667 librorum,
588 3595 638 3675 qui
667 3597 703 3658 ad
729 3596 879 3658 condenda
909 3615 1055 3678 anonyma
1079 3596 1194 3659 Scholia
1220 3605 1251 3658 et
1272 3612 1416 3675 anonyma

320 3827 330 3860 ¹
348 3827 416 3878 lianc
434 3835 531 3894 partem
549 3845 563 3879 a
582 3829 727 3896 Doxopatro
751 3840 877 3898 receptam
895 3832 938 3894 (cl.
958 3835 1013 3883 adn.
1026 3833 1064 3884 XI
1078 3837 1101 3895 a)
1119 3834 1145 3882 in
1164 3833 1260 3884 codicis
1279 3832 1335 3882 Par.
1349 3832 1415 3882 2922

251 3893 340 3946 15192
364 3897 514 3947 deteximus.
548 3898 592 3948 nbi
616 3899 710 3950 similis
731 3903 877 3966 corruptela
899 3909 959 3952 nota
983 3909 1021 3952 est
1043 3909 1118 3968 atque
1141 3902 1166 3951 in
1192 3902 1278 3952 codice
1303 3901 1321 3950 P
1342 3901 1416 3951 1874.

251 3965 446 4016 homoiotelento
469 3967 536 4016 enim
558 3963 679 4032 deeeptus
697 3969 781 4019 scriba
800 3970 888 4034 verba,
906 3986 968 4036 qnae
987 3972 1055 4020 inter
1075 3969 1227 4037 ἀπαγγελία
1246 3966 1418 4037 πραγμάτων

252 4032 285 4084 W
300 4031 344 4084 Vll
362 4033 411 4092 729
424 4047 449 4088 ae
467 4041 494 4084 et
510 4037 697 4104 γεγενημένων
714 4037 763 4087 729
775 4053 801 4092 οι
819 4039 945 4102 leguntur,
964 4039 1058 4090 omisit.

319 4100 329 4133 ²
347 4100 537 4164 Prolegomeoie
549 4103 623 4154 Artis
641 4105 721 4156 verba
738 4107 842 4172 puriora
861 4108 986 4158 contineri
1002 4109 1093 4160 horum
1110 4122 1165 4156 cnm
1182 4107 1298 4172 Epitoma
1316 4121 1416 4172 coropa-

252 4169 351 4222 ratione
378 4173 536 4235 perspicuum
563 4179 611 4224 eat.
647 4180 673 4224 et
697 4173 730 4226 W
749 4173 794 4226 Vll
812 4175 886 4232 5211
909 4183 936 4226 et
957 4177 978 4228 Ε
998 4176 1057 4229 489
1084 4176 1181 4238 legitur
1207 4174 1335 4244 ἑρμηνεία
1362 4175 1417 4235 (vel

251 4229 362 4356 ηράσις)
380 4234 542 4310 ἀπερίεργος
559 4238 654 4304 ἔστω,
673 4257 777 4308 qnorum
790 4244 924 4296 verborum
941 4245 998 4296 loco
1011 4245 1036 4294 in
1049 4244 1162 4296 Scholiis
1175 4239 1224 4307 τὴν
1235 4240 1264 4294 dd
1275 4241 1418 4314 ἑρμηνείαν

269 4307 310 4356 εῐ.
325 4343 350 4360 .,
364 4303 528 4377 ἀπερίεργον
543 4306 612 4361 εἶναι
628 4311 753 4376 scriptum
771 4319 819 4364 eet.

319 4373 372 4426 ³ln
395 4376 459 4426 Arte
487 4386 647 4442 praeceptum
670 4381 795 4445 prooemii
820 4380 929 4432 aetionis
953 4388 1085 4446 praecepto
1114 4379 1236 4444 prooemii
1263 4379 1416 4432 elocutionis

252 4445 425 4495 continuatum
445 4459 501 4494 esse
520 4459 551 4494 ex
569 4445 700 4512 Epitomes
719 4449 861 4514 praeceptis
879 4446 914 4514 ἓξ
928 4450 984 4512 137,
1006 4450 1052 4500 197
1071 4448 1224 4510 colligimus.
