3538 5212
842 399 1063 461 ..42-

369 578 476 648 ταίοις
505 570 627 656 μόνον,
655 571 741 637 ἀλλὰ
766 574 823 636 καὶ
852 574 886 637 ἐν
911 585 981 647 τοῖς
1003 579 1117 657 μέσοις
1140 574 1349 657 ποιούμεθα
1374 570 1536 659 ὅτανγὰρ

371 675 481 740 πολλὰ
502 673 521 766 ή
543 678 599 739 καί
622 676 903 760 δυσμνημόνευτα,
925 675 998 739 τότε
1020 679 1075 740 καί
1099 674 1258 751 πολλάκις
1284 675 1367 740 αὐτὰ
1389 675 1537 762 ἀναμνή-

369 800 482 864 σομεν,
506 778 544 846 οὐ
568 778 678 845 πάντα
700 779 859 855 πολλάκις
881 781 1028 858 λέγοντες
1051 778 1135 844 ἀλλά
1156 779 1198 842 τὰ
1220 781 1280 862 μὲν
1302 778 1537 865 ήδηπροειρη-

369 888 453 968 με’να
475 881 787 968 ἀναμιμνήσκοντες,
810 880 851 942 τά
873 879 909 943 δὲ
932 885 1013 965 μετὰ
1035 885 1137 946 ταῦτα
1152 881 1258 947 πάλιν
1273 881 1538 967 ἀνακεφαλαιοό-

368 1009 472 1071 μενοι.
521 989 592 1050 212.
620 985 694 1049 ἀλλ’
718 983 796 1049 οὐδὲ
818 987 880 1048 τῶν
905 982 1083 1070 εἰρημένων
1105 986 1214 1050 πάντα
1241 985 1536 1069 ἀνακεφαλαιωσό-
1556 995 1572 1048 5

369 1093 474 1174 μεθα,
488 1087 560 1154 ἀλλ’
575 1086 639 1153 ὅσα
650 1089 710 1175 μὲν
721 1091 859 1172 ἰσχυρῶς
870 1091 968 1170 εὀμεν
978 1087 1157 1166 λελυκότες,
1170 1091 1272 1154 ταῦτα
1286 1074 1537 1173 ἀνακεφαλαιτό-

369 1196 498 1257 σασθαι
526 1191 702 1276 προσήκει,
731 1193 772 1255 τὰ
793 1191 830 1254 δὲ
853 1191 966 1273 σαθρά
989 1192 1205 1274 παραλιπεῖν.
1250 1188 1288 1255 οὗ
1310 1192 1376 1276 μήν
1398 1189 1475 1256 οὐδὲ
1496 1193 1538 1257 τά

366 1291 534 1375 ἀναγκαῖα
556 1297 620 1360 τῶν
642 1292 819 1359 ἀντιδίκων
842 1290 1005 1377 κεφάλαια
1028 1293 1170 1358 πάντοτε
1197 1292 1438 1379 ἀναμνήσομεν,
1463 1293 1535 1359 ἀλλ’

367 1399 476 1462 ἐκεῖνα
504 1396 526 1462 ἀ
552 1397 608 1482 τήν
637 1395 821 1482 ἀνάμνησιν
850 1395 1032 1475 ἀναγκαίαν
1062 1396 1128 1476 ἔχει
1162 1398 1217 1460 καὶ
1252 1395 1330 1483 ήμϊν
1365 1397 1536 1482 χρήσιμον.

369 1505 441 1566 213.
464 1502 522 1585 τήν
555 1501 592 1564 δὲ
622 1504 687 1565 τῶν
719 1500 909 1586 κεφαλαίων
942 1497 1125 1581 ἀνάμνησιν
1158 1501 1240 1564 ποτὲ
1273 1502 1334 1584 μὲν
1363 1501 1446 1584 μετά
1472 1503 1537 1567 τῶν
1557 1517 1590 1571 10

366 1609 514 1669 πίστεων
535 1603 753 1688 ποιησόμεθα
776 1604 858 1668 ποτὲ
880 1602 916 1666 δὲ
939 1600 1053 1688 ψιλήν.
1098 1599 1177 1669 ὅταν
1199 1603 1258 1687 μὲν
1281 1601 1339 1670 οὖν
1363 1603 1382 1689 ἢ
1406 1606 1537 1690 ἰσχυραὶ

368 1705 450 1771 ῶσιν
477 1705 514 1770 αἰ
543 1712 686 1783 πίστεις,
716 1732 735 1792 η
758 1706 900 1790 ἐξίτηλοι
923 1718 993 1779 τοῖς
1017 1702 1186 1783 ἀκούουσι,
1208 1708 1283 1772 τότε
1305 1705 1536 1794 ἀναμνήσομεν

366 1813 449 1894 μετὰ
469 1813 534 1875 τῶν
549 1807 766 1886 ἀποδείξεων,
784 1805 863 1874 ὅταν
878 1809 915 1872 δὲ
931 1807 950 1893 ή
967 1806 1123 1883 ἀσθενεῖς
1139 1805 1220 1875 ὦσιν
1235 1809 1256 1896 ή
1270 1823 1341 1887 τοῖς
1356 1809 1536 1876 ἀκοόουσιν

366 1911 633 1998 εὖμνημόνευτοι,
658 1913 765 1998 ψιλῶς
787 1914 851 1976 τῶν
873 1913 1063 1997 κεφαλαίων
1084 1910 1321 1998 ἀναμνήσομεν.
1366 1917 1437 1979 214.
1461 1915 1534 2000 εἴδη
1554 1921 1607 1976 455

367 2018 405 2081 δὲ
436 2019 492 2103 τής
525 2013 845 2102 ἀνακεφαλαιῶσεως
879 2016 1023 2101 Νεοκλῆς
1053 2016 1112 2098 μὲν
1144 2013 1283 2101 τέτταρα
1316 2021 1403 2082 εἰναί
1436 2035 1533 2104 φησι·
1555 2026 1588 2080 15

366 2123 451 2185 καθ’
480 2118 663 2196 ἀπόθεσιν,
695 2121 779 2183 κατὰ
805 2119 935 2196 στάσιν,
964 2120 1037 2182 κατ’
1067 2118 1286 2203 ἐπιχείρησιν,
1317 2124 1400 2186 κατὰ
1419 2121 1534 2188 τόπον.

366 2227 438 2288 215.
461 2224 544 2288 κατὰ
558 2225 619 2308 μὲν
634 2220 690 2288 οὖν
705 2219 875 2288 ἀπόθεσιν
891 2219 1178 2307 ἀνακεφαλαίωσις
1193 2226 1332 2301 γίνεται,
1356 2222 1436 2291 ὅταν
1451 2225 1535 2292 αάτά

365 2329 406 2390 τὰ
427 2327 486 2412 τήν
507 2325 677 2392 ὑπόθεσιν
699 2323 908 2410 πεποιηκότα
930 2325 1039 2408 ψιλῶς
1060 2323 1289 2408 ἐκτιθῶμεθα,
1314 2327 1386 2392 οἰον
1409 2329 1531 2415 (ἔστω)

367 2429 523 2514 ἀσεβείας
555 2426 726 2515 κρινομένη
760 2427 779 2514 ή
810 2427 934 2512 Φρύνη·
970 2430 1026 2490 καὶ
1052 2427 1114 2510 γάρ
1137 2427 1305 2513 ἐκώμασεν
1326 2431 1362 2494 ἐν
1386 2437 1533 2517 Λυκείῳ,

368 2534 463 2619 (καί)
488 2533 603 2598 καινόν
626 2533 778 2618 εἰσήγαγε
800 2530 896 2608 θεόν,
920 2535 975 2596 καὶ
998 2533 1143 2607 θιάσους
1158 2530 1286 2617 ἀνδρῶν
1301 2534 1534 2614 καὶγυναικῶν
1553 2543 1587 2596 20

365 2637 554 2721 συνήγαγεν.
588 2635 627 2721 <ή
649 2635 972 2722 ἀνακεφαλαίωσις·>
1002 2636 1175 2710 «ἐπέδειξα
1196 2642 1308 2702 τοίνυν
1330 2633 1408 2721 ὑμίν
1430 2636 1533 2724 ἀσεβῆ

366 2738 508 2824 Φρύνην,
525 2738 729 2824 κωμάσασαν
744 2738 901 2816 ἀναιδῶς,
918 2743 1034 2805 καινοῦ
1049 2742 1133 2804 θεοῦ
1149 2739 1371 2824 εἰσηγήτριαν,
1388 2739 1532 2816 θιάσους

364 2840 493 2928 ἀνδρῶν
515 2842 700 2926 ε’κθέσμους
722 2846 777 2906 καὶ
794 2846 958 2923 γυναικῶν
974 2845 1250 2923 συναγαγοῦσαν».
1294 2843 1383 2928 ψιλὰ
1396 2844 1459 2926 γὰρ
1474 2847 1533 2908 νῦν

363 2944 404 3008 τά
418 2943 597 3029 πράγματα
612 2947 787 3030 διηγεῖται.
812 2948 882 3010 216.
899 2946 982 3009 κατὰ
998 2944 1115 3011 στάσιν
1127 2947 1164 3010 δὲ
1179 2943 1467 3029 ἀνακεφαλαίωσις
1482 2951 1532 3026 γί-

432 3073 448 3138 §
468 3073 517 3122 212
535 3072 579 3123 AR
598 3073 713 3124 Marcell.
726 3073 759 3124 IV
778 3074 828 3124 426
841 3091 893 3129 81-
895 3074 971 3126 4272
1006 3071 1085 3138 §214
1103 3071 1144 3122 ΕΡ
1163 3071 1232 3122 Prol.
1247 3073 1279 3123 W
1295 3071 1338 3123 VII
1356 3073 1388 3124 21
1400 3089 1478 3127 1012

434 3195 462 3245 11
483 3189 676 3262 οὖνμὴΡμὴ
695 3195 779 3259 delli,
803 3191 851 3259 IIII
906 3194 1130 3262 14ψλωνΡουι
1143 3195 1176 3272 Sp
1231 3193 1531 3262 181κτιτέμεθαΡετυ

363 3262 413 3325 Seg
443 3262 452 3330 ή
482 3261 550 3314 ἔστω
568 3214 676 3313 1111111η
705 3265 737 3314 20
757 3267 803 3315 και
819 3263 899 3316 addF
928 3267 939 3329 {I
967 3283 1013 3314 και
1030 3272 1088 3314 ante
1106 3255 1221 3318 θιασους
1238 3260 1315 3312 delii
1368 3265 1399 3314 ’23
1418 3279 1532 3316 συνανα-

362 3344 469 3397 γουσαν
480 3330 499 3381 Ρ
519 3349 557 3382 em
570 3333 619 3396 θος

431 3453 514 3536 §212
533 3454 641 3532 Sopater
659 3455 694 3506 W
712 3452 746 3504 IV
765 3455 852 3506 41511
877 3449 1035 3536 ληψόμεθα
1054 3450 1115 3518 (τὴν
1141 3448 1393 3534 ἀνακεηαλαίωσιυ)
1420 3451 1470 3522 οὐχ
1497 3453 1532 3511 ὡς

362 3521 454 3588 ἔτυχεν
475 3517 536 3574 οὐδὲ
558 3519 668 3575 πάντων
691 3517 781 3604 ὁμοῦ
788 3523 841 3574 τῶν
857 3521 887 3573 ἒν
903 3526 958 3579 τοῖς
975 3518 1088 3605 ἀγῶηιν,
1116 3520 1184 3572 ἀλλὰ
1203 3524 1258 3572 τῶν
1277 3521 1426 3609 ἰπικαίρων
1443 3525 1489 3574 καὶ
1505 3523 1534 3582 ἐξ

363 3589 402 3641 ῶν
425 3586 657 3668 1οχόομενκ.δν
664 3589 729 3674 μὲν
737 3585 803 3672 γδιρ
824 3593 881 3647 τοῖς
903 3587 1006 3670 ἀγῶσιν
1027 3587 1130 3657 ἀνάγκη
1149 3587 1281 3648 πολλάκις
1297 3591 1343 3640 καὶ
1362 3597 1403 3646 οἱς
1421 3586 1452 3642 οὐ
1471 3593 1532 3642 λίαν

363 3649 559 3739 ἰσχυριζόμεθα
583 3661 621 3714 εἰς
642 3657 692 3708 τὸν
713 3656 797 3740 λόγον
813 3657 1069 3742 παραλαμβάνεινκ
1085 3658 1138 3710 ,ἐν
1157 3657 1184 3710 δὲ
1201 3662 1256 3715 τοῖς
1273 3651 1417 3727 ἐπιλόγοις,
1438 3656 1531 3724 ἐπειδὴ

362 3725 414 3777 τῶν
432 3721 602 3794 πραγμάτων
618 3725 693 3780 ἐστὶν
710 3723 952 3794 ἀνακεφαλαίωσις,
970 3724 1002 3778 οὐ
1021 3725 1066 3779 δεῖ
1081 3730 1136 3780 τῶν
1153 3724 1355 3794 ἀσθενεστέρων
1365 3728 1530 3796 μεμνῆσθαι.

362 3796 439 3860 §215
459 3793 490 3846 of
509 3812 572 3861 quae
590 3796 713 3862 Sauppius
728 3795 771 3846 Οτ.
786 3800 840 3846 Att.
852 3795 874 3846 II
892 3797 941 3846 302
960 3805 986 3846 et
1004 3796 1053 3846 320
1071 3799 1102 3848 de
1120 3797 1317 3861 haepdisserit.
1353 3797 1430 3861 §216
1449 3796 1531 3849 ἔστω

362 3864 503 3920 Φειδίας
520 3863 576 3915 κτὲ
592 3866 656 3915 hane
675 3865 859 3929 expositionem
878 3881 967 3915 musae
986 3866 1050 3914 haud
1068 3867 1193 3928 integram
1207 3881 1262 3916 esse
1276 3881 1330 3914 eum
1343 3865 1532 3931 particulae
1481 3865 1532 3932 μὲν

362 3941 415 3983 tum
430 3933 663 3998 recapitulatione'
655 3949 713 4021 lpea
723 3934 918 3984 demonstratur.
940 3934 1024 4011 itaqpe
1039 3935 1072 3985 ito
1085 3933 1139 3984 sere
1152 3934 1312 4011 seribepdum
1325 3950 1454 3985 censemus
1463 3951 1531 4016 χρη-

363 4004 424 4052 σουί
392 3998 681 4068 <praemonitione
666 4019 704 4051 υπ
708 3996 843 4065 ’,Ηλείων
862 4019 898 4058 ως
908 3999 936 4052 δὲ
948 3995 1102 4068 ιεροσυλος)
1115 4002 1234 4066 βασανιζ
1234 4018 1339 4082 ομενος
1340 4004 1385 4052 καὶ
1396 3999 1532 4085 τεθυηκως

363 4069 394 4119 ei.
419 4071 528 4120 altorum
550 4070 634 4120 Schol.
658 4071 689 4120 ad
708 4071 838 4136 Αυ1ειορ11.
858 4069 915 4120 Poe.
933 4071 981 4119 605
1005 4068 1189 4158 ἐργολαβήσας
1204 4066 1298 4152 παρὰ
1302 4069 1356 4121 τῶν
1372 4069 1482 4122 Ἠλείων
1498 4066 1529 4120 τὸ

362 4132 473 4220 ἀγαλμα
491 4155 537 4188 του
524 4135 615 4195 Διὸς
631 4138 679 4188 τοῦ
695 4135 810 4204 Ολυμπί
811 4157 842 4188 ου
799 4139 898 4189 ίκαλ
908 4135 1133 4204 καταγνωσθεὶς(
1120 4137 1166 4188 υπ’
1179 4133 1268 4188 αὐτῶν
1280 4133 1316 4195 ὡς
1327 4137 1532 4206 νοσφισάμενος

362 4203 412 4276 opp
415 4208 490 4276 ρέθη.
527 4205 1233 4274 εἰδετε11110111118115118ἰίτακοτόενόῶοηεκ
1246 4206 1296 4258 Ale.
1311 4208 1417 4274 1888p.
1430 4208 1458 4258 21
1469 4223 1531 4274 sqq

364 4255 591 4326 Wiiamowitziom
616 4275 667 4325 Iud.
691 4272 805 4338 Gotting.
829 4276 880 4325 hib
902 4276 966 4327 1889
989 4279 1064 4340 p.15.
1100 4276 1204 4326 Phidiae
1228 4291 1327 4327 eausam
1353 4277 1530 4326 arhetoribua

363 4344 465 4408 saepius
478 4345 597 4406 agitatam
612 4360 667 4394 esse
680 4344 790 4394 Seoeeoo
804 4344 891 4394 contr.
904 4342 958 4394 VIII
972 4345 986 4391 1
999 4345 1145 4394 testimonio
1158 4353 1224 4394 sunt.
1254 4344 1434 4408 recapitulatio
1452 4345 1468 4410 §
1480 4345 1530 4395 216

363 4412 448 4460 adlato
467 4428 480 4461 e
500 4411 682 4462 declamatione
694 4419 791 4477 sumpto
805 4419 853 4476 ost,
872 4429 918 4478 qua
932 4413 988 4462 Elei
1007 4421 1110 4479 propter
1124 4429 1208 4463 necem
1220 4412 1325 4464 Phidiae
1337 4415 1451 4464 accusati
1463 4421 1529 4464 sunt.
