3538 5212
814 443 853 452 -
902 405 1004 470 LXVI
1049 443 1091 452 ··-

453 583 552 660 §235
580 582 706 663 denique
734 583 925 664 praecipitur,
958 591 991 643 ut
1018 591 1189 645 accusantes
1216 592 1246 644 et
1274 584 1403 646 accusati
1425 585 1535 647 iudices

368 689 481 752 diverse
504 695 650 748 moveant.
687 687 743 748 hoc
765 687 857 766 igitur
877 695 1077 768 praeceptum,
1100 687 1184 748 cuius
1207 696 1310 748 auctor
1331 689 1453 770 reperiri
1475 709 1535 750 non

368 800 479 876 potest,
512 791 549 852 ad
582 790 782 852 oeconomiam
815 791 983 852 adfectuum
1011 789 1116 852 attinet
1144 799 1177 851 ut
1204 800 1392 872 praeceptum
1421 792 1456 852 de
1483 771 1535 853 ad-

368 901 499 959 fectuum
534 893 722 956 collocatione
756 895 856 957 datum
885 897 914 969 (§
935 893 1025 971 239),
1059 893 1138 972 quod
1164 893 1263 956 Neocli
1293 895 1535 976 adscripsimus1,

370 1001 438 1080 quia
460 999 489 1059 id
512 997 607 1058 eidem
631 998 743 1059 auctori
766 997 866 1059 deberi
888 1007 975 1078 atque
997 997 1084 1058 verba
1108 995 1186 1058 loeo
1203 1029 1228 1068 19
1243 1005 1332 1078 patet.
1365 997 1396 1059 in
1412 999 1536 1061 Cornuti

368 1111 467 1165 autem
494 1102 562 1163 Arte
594 1109 748 1182 praecepta
782 1099 931 1181 Epitomes
954 1103 971 1176 ξ
992 1100 1053 1162 235
1076 1108 1106 1161 et
1127 1103 1145 1174 ᾗ
1165 1099 1227 1162 239
1260 1110 1339 1162 arcte
1372 1102 1536 1164 cohaesisse

368 1205 510 1269 sumenda
538 1213 621 1279 sunt,
649 1223 716 1266 cum
744 1207 780 1279 ἐς
796 1203 976 1266 236-238
999 1203 1035 1264 ab
1058 1203 1249 1284 epitomatore
1272 1205 1404 1266 interea
1427 1207 1536 1268 inserta

367 1329 433 1372 esse
455 1317 579 1371 constet.
613 1307 816 1389 etymologiam
840 1308 917 1368 euim
941 1307 1069 1368 nominis
1092 1307 1197 1388 epilogi
1212 1311 1242 1385 (ᾗ
1257 1309 1331 1385 236)
1348 1309 1403 1371 sub
1418 1309 1535 1371 initium

367 1412 465 1494 quarti
488 1413 523 1473 de
545 1411 714 1472 inventione
737 1411 810 1471 tomi
832 1411 1000 1472 collocatam
1024 1411 1124 1484 luisse,
1147 1412 1280 1492 proxima
1300 1414 1335 1474 de
1350 1413 1493 1494 prooemii
1508 1423 1537 1475 et

370 1517 476 1598 epilogi
503 1513 667 1576 differentia
696 1513 784 1575 verba
807 1517 837 1588 (ᾖ
856 1513 930 1590 237)
958 1533 995 1576 ex
1016 1513 1073 1588 eis,
1102 1533 1177 1594 quae
1199 1515 1234 1575 de
1257 1517 1311 1577 hac
1334 1516 1417 1577 rein
1440 1517 1536 1598 primo

371 1622 407 1682 de
428 1618 597 1680 inventione
620 1626 701 1679 tomo
724 1616 800 1678 dicta
822 1627 922 1689 erant,
950 1625 1099 1699 excerpta,
1129 1618 1285 1680 Alexandri
1308 1620 1343 1680 de
1365 1621 1534 1682 adfectuum

369 1722 533 1786 elocutione
555 1730 744 1803 praeceptum
768 1724 797 1796 (ς
813 1719 888 1802 238)
910 1721 1064 1784 eCornuti
1077 1720 1156 1782 Artis
1179 1724 1283 1802 quinto
1306 1731 1387 1785 tomo
1403 1733 1535 1806 ereptum

371 1845 436 1889 esse
459 1819 846 1908 supra'uemonsuavimus.

775 1998 858 2080 Περὶ
880 1995 997 2072 λέξεως
1018 1994 1126 2080 τόμος.

453 2117 496 2179 Ex
518 2117 621 2179 ordine
643 2116 730 2177 huius
754 2116 827 2178 tomi
850 2124 1066 2196 excerptorum,
1089 2133 1163 2194 quae
1185 2115 1260 2191 E§§
1275 2117 1443 2180 240-253
1466 2139 1536 2181 eon-

369 2225 515 2295 tinentur,
549 2219 772 2301 dispositionem
796 2219 869 2280 tomi
891 2220 967 2280 hanc
988 2218 1079 2280 fuisse
1102 2219 1319 2292 concludimus,
1352 2229 1387 2282 ut
1407 2223 1535 2302 primurn

368 2323 522 2387 Alexandri
544 2324 580 2384 de
603 2323 768 2385 elocutione
790 2330 930 2402 quattuor
951 2321 1080 2403 partium
1103 2322 1191 2382 verba
1214 2341 1270 2384 una
1293 2341 1360 2384 cum
1384 2323 1447 2386 eius
1471 2325 1537 2387 bre-

368 2429 454 2490 vibus
476 2428 512 2489 de
534 2426 648 2489 actione
671 2426 852 2506 singularum
875 2425 1004 2506 partium
1024 2427 1197 2508 praeceptis,
1221 2435 1284 2488 turn
1302 2427 1538 2508 Harpocrationis

369 2531 466 2604 verba,
490 2530 615 2610 denique
638 2529 768 2610 llicnysii
790 2529 878 2590 verba
900 2530 1094 2590 adferrentur.

456 2635 537 2708 Quae
558 2634 721 2694 Alexander
743 2633 779 2694 de
801 2633 945 2714 prooemii
967 2632 1131 2694 elocutione
1153 2641 1183 2693 et
1204 2632 1319 2694 actione
1340 2634 1536 2715 praescripsit,

370 2747 508 2819 excerpto
534 2737 686 2818 Epitomes
717 2739 746 2812 (ἓ
766 2736 841 2814 240)
869 2745 900 2796 et
929 2744 1065 2816 excerpto
1092 2736 1129 2797 ab
1156 2736 1347 2815 Hermogenis
1376 2738 1537 2800 Scholiasta

370 2846 446 2904 neu
469 2840 767 2921 (wv11521,-„;
790 2840 840 2900 vu
856 2839 927 2911 arc,
951 2838 1078 2909 veer,
1099 2821 1177 2919 s'qq,
1204 2839 1254 2900 vu
1270 2840 1330 2900 715
1346 2840 1371 2920 ι)
1403 2841 1480 2902 nter
1507 2861 1538 2902 se

371 2945 547 3026 comparatis
569 2944 610 3006 ita
632 2947 693 3006 fere
715 2943 895 3004 restituenda
918 2951 1001 3004 sunt:

454 3047 512 3110 τοῦ
545 3045 607 3129 μὲν
637 3047 818 3130 προοιμίου
840 3040 861 3128 ἡ
883 3041 1039 3128 ἑρμηνεία
1060 3044 1099 3134 τῇ
1121 3041 1182 3126 μὲν
1204 3043 1321 3132 ἐκλογῇ
1344 3041 1539 3128 ἀπερίεργος

370 3147 453 3214 ἔστω
486 3171 522 3211 τε
554 3149 610 3211 καὶ
644 3143 761 3233 ἥκιστα
793 3145 988 3232 σημειώδης.
1042 3151 1168 3228 γίνεται
1202 3146 1240 3210 dt
1272 3145 1424 3232 τοιαύτη,
1459 3146 1539 3213 ὅταν
1651 3164 1656 3174 ’

370 3247 493 3336 ἐκφύγῃ
531 3274 581 3326 τις
611 3251 687 3326 τοὺς
723 3250 882 3334 ἐμφανεῖς
913 3247 1057 3334 τρόπους
1089 3251 1144 3314 καὶ
1176 3249 1235 3325 τὰς
1266 3249 1540 3336 νλωσσημοιτικὰς

374 3355 486 3429 λέξεις.
531 3351 551 3439 ι)
584 3353 622 3419 dd
653 3351 811 3427 σύνθεσις
844 3350 926 3416 ἔστω
961 3352 1066 3417 ἐνίοτε
1098 3352 1160 3436 μὲν
1191 3359 1454 3440 συνεστραμμένη
1483 3356 1538 3418 καὶ

370 3453 490 3542 πικρά,
512 3455 618 3522 ἐνίοτε
640 3455 677 3520 δὲ
700 3454 928 3540 διηγηματική.
973 3457 1032 3522 τοῦ
1054 3455 1092 3520 δὲ
1114 3461 1295 3541 προοιμίου
1317 3481 1337 3541 η
1361 3450 1539 3542 ὑπόκρισις

371 3563 489 3646 μετρία
511 3558 593 3622 ἔστω
617 3557 673 3620 καὶ
696 3555 938 3643 ἄτάραχοςυιαὶ
960 3570 1031 3634 τοῖς
1052 3553 1285 3643 ὑποκειμένοις
1308 3563 1423 3625 οἰκεία.

456 3663 611 3726 Alexandri
639 3662 674 3723 de
701 3664 876 3726 narrationis
903 3664 1067 3726 elocutione
1090 3675 1120 3726 et
1141 3667 1255 3728 actione
1278 3677 1467 3748 praeceptum
1492 3667 1539 3727 in·

372 3768 482 3848 tegrius
514 3767 544 3826 iu
571 3765 705 3847 Epituma
740 3777 873 3829 servatur
899 3771 947 3843 (ἓξ
970 3767 1045 3841 136,
1070 3768 1158 3847 137),
1190 3769 1240 3831 sed
1268 3789 1306 3830 ne
1333 3770 1389 3831 huc
1419 3770 1538 3850 quidem

372 3889 494 3956 prorsus
516 3869 660 3932 intactum
684 3889 750 3932 esse
773 3871 864 3932 altero
886 3871 1018 3932 eiusdem
1034 3881 1170 3953 excerpto
1193 3875 1225 3952 (ᾗ
1241 3873 1315 3948 241)
1338 3875 1538 3935 confirmatur.

370 4081 478 4151 ἔφαμεν
488 4078 568 4146 πάθη
581 4083 672 4148 κινεῖν,
688 4079 789 4153 ῥητέον,
800 4084 841 4137 τίς
853 4078 928 4132 ἔστιν
982 4075 1018 4136 ὡς
1045 4077 1159 4149 ἔφαμεν,
1185 4074 1202 4144 ἢ
1224 4077 1253 4130 ἔκ
1274 4072 1364 4148 μάχης
1385 4075 1401 4144 ἢ
1424 4079 1454 4140 ἐξ
1474 4075 1540 4131 οἷκο-

372 4147 388 4216 ν)
406 4147 581 4206 διατύπωυις.
982 4149 1095 4205 toufles
1107 4153 1221 4217 γίνεται,
1239 4145 1391 4216 ἀναγκαῖον
1401 4151 1466 4220 περ)
1477 4143 1540 4201 cino-

983 4216 1096 4274 λουθίος
1113 4218 1159 4268 καὶ
1175 4211 1267 4286 μάχης
1284 4219 1379 4269 εἰπεῖν.

441 4285 450 4318 ¹
469 4286 530 4336 Cum
548 4286 575 4336 in
595 4287 642 4336 lroc
664 4291 799 4350 praecepto
819 4283 839 4332 ll
857 4285 917 4336 48⁶
935 4285 1021 4335 eadem
1040 4287 1168 4337 sententia
1186 4287 1338 4352 reperiatur,
1361 4301 1422 4351 quae
1441 4285 1462 4335 u
1480 4286 1539 4339 tte

373 4354 475 4418 legitur,
499 4354 606 4404 nominis
625 4354 720 4419 epilogi
739 4352 917 4419 etymologiam
938 4354 1039 4404 Neoclis
1058 4370 1114 4404 esse
1132 4371 1177 4420 pro
1196 4362 1267 4405 certo
1285 4355 1413 4416 hebemus,
1432 4355 1456 4403 id
1475 4354 1540 4418 quod

372 4430 476 4490 propter
494 4422 666 4489 etymologiae
678 4435 732 4472 eum
746 4420 848 4471 Neoclis
867 4421 1012 4473 delinitione
1032 4423 1124 4489 epilogi
1138 4439 1287 4474 consensum
1305 4423 1421 4472 conicere
1439 4423 1540 4472 licebat.
