3536 5208
801 396 845 414 .-
891 357 1025 424 XLVIII
1076 395 1113 402 —

376 539 518 601 aNeocle
545 538 609 618 ipso
638 537 807 618 repetiverit
833 556 868 599 an
899 537 1023 597 eundem
1055 545 1141 615 atque
1165 535 1212 596 bic
1233 544 1383 598 auctorem
1406 534 1543 596 babuerit

376 643 406 702 in
431 640 527 702 medio
551 641 773 719 relinquendum
797 649 850 701 est.

462 744 485 804 A
508 742 638 804 Cornuto
665 761 724 803 uon
753 743 849 805 solum
876 751 1038 823 praecepte,
1070 760 1144 821 quae
1170 741 1265 802 adbuc
1287 740 1386 802 Neocli
1408 739 1543 820 adsigna-

377 847 483 920 vimus,
517 847 568 907 sed
602 845 689 906 etiam
724 849 783 907 lere
816 857 920 908 cuncta
947 855 1042 907 cetera
1069 864 1105 905 ex
1130 845 1193 905 eius
1223 845 1297 906 libro
1327 844 1453 906 derivata
1479 861 1544 904 esse

377 949 498 1021 ratione,
525 967 582 1028 qua
610 956 763 1028 praecepta
793 948 932 1028 disposita
962 956 1041 1018 sunt,
1070 947 1270 1008 confirmatur.
1314 967 1381 1008 nam
1413 947 1542 1008 studium

377 1051 636 1132 quadripartiendi,
652 1052 730 1130 quod
746 1051 859 1112 Neoclis
870 1050 1022 1131 proprium
1039 1060 1084 1112 est
1099 1053 1147 1126 (cl.
1163 1050 1229 1111 adn.
1241 1049 1333 1110 XLIII
1348 1050 1382 1129 1),
1398 1067 1543 1129 nusquam

377 1155 507 1236 apertius
529 1164 574 1216 est
595 1173 683 1233 quam
706 1154 763 1214 bic.
799 1154 878 1234 quod
900 1153 1010 1234 optime
1024 1153 1126 1234 primis
1141 1153 1212 1234 ipsis
1227 1153 1398 1233 praeceptis,
1421 1171 1494 1232 quae
1509 1153 1545 1214 de

378 1258 519 1320 brevitate
542 1257 668 1318 erebus
691 1256 820 1318 facienda
844 1267 922 1330 sunt,
945 1256 1117 1328 illustratur,
1141 1257 1280 1336 quoniam
1303 1277 1335 1318 ea
1358 1275 1425 1317 cum
1442 1255 1545 1318 Corni-

378 1361 491 1424 ficianis
514 1359 770 1438 Ciceronianisque
796 1379 966 1440 comparare
988 1359 1064 1421 licet.
1108 1359 1281 1422 Cornificius
1303 1379 1418 1433 novem,
1445 1359 1545 1421 dicero

379 1464 560 1526 octomodos
575 1463 771 1523 narrationem
789 1463 905 1524 brevem
922 1463 1063 1524 reddendi
1077 1474 1239 1536 enumerat,
1255 1465 1285 1524 in
1298 1463 1432 1542 Epitoma
1447 1473 1545 1524 autem

379 1568 440 1629 bini
464 1569 507 1628 vel
534 1567 611 1627 terni
640 1584 742 1626 eorum
772 1566 802 1626 in
831 1585 923 1627 unum
953 1576 1140 1647 praeceptum
1168 1567 1371 1647 comprehensi
1401 1575 1479 1640 sunt,
1513 1575 1546 1626 ut

380 1689 523 1732 numerus
550 1677 689 1749 quattuor
716 1677 937 1750 praeceptorum
966 1670 1139 1743 efficeretur,
1173 1670 1202 1732 id
1231 1671 1310 1750 quod
1336 1671 1548 1731 commentario

380 1784 482 1837 nostro
504 1773 540 1835 ad
563 1776 599 1848 ἐς
615 1772 740 1834 65-68
763 1791 931 1852 cognosces.
975 1791 1065 1852 porro
1091 1773 1120 1832 in
1143 1773 1278 1853 Epitoma
1300 1781 1439 1854 quattuor
1461 1791 1548 1852 prae-

380 1887 462 1956 cepta
495 1877 530 1937 de
559 1875 736 1936 obscuritate
765 1875 893 1936 erebus
913 1874 1044 1936 facienda
1067 1877 1173 1937 dantur
1194 1879 1231 1952 ἐξ
1247 1876 1380 1950 81-84,
1408 1884 1547 1956 quattuor

382 1998 487 2059 genera
511 1978 665 2040 verborum
688 1977 889 2058 perspicuitati
912 1981 1079 2041 nocentium
1105 1981 1281 2061 colliguntur
1302 1981 1385 2057 585,
1409 1990 1548 2062 quattuor

381 2082 461 2144 modi
483 2081 581 2142 omnia
597 2081 672 2142 veris
692 2081 882 2142 assimulandi
898 2084 934 2156 ἐξ
950 2081 1085 2156 tto-93,
1109 2093 1248 2162 quattuor
1263 2085 1343 2146 modi
1358 2083 1547 2146 iucunditatis

381 2185 464 2260 §99‚
494 2193 633 2263 quattuor
661 2185 891 2264 magnificentiae
921 2185 1089 2246 efficiendae
1119 2197 1306 2267 exponuntur
1328 2191 1345 2262 ξ
1368 2188 1438 2249 100.
1480 2187 1548 2248 alibi

382 2287 674 2368 quadrIpartitionem
700 2288 736 2348 ab
766 2288 956 2368 epitomatore
983 2288 1182 2368 perturbatam
1210 2309 1274 2350 esse
1301 2290 1401 2352 statim
1426 2290 1548 2351 demon-

384 2389 534 2452 strabitur.
579 2390 695 2451 duobus
723 2399 837 2451 tantum
860 2390 931 2450 locis
954 2391 1025 2452 haec
1047 2391 1121 2452 ratio
1144 2392 1317 2472 disponendi
1338 2413 1398 2454 non
1421 2391 1549 2454 adbibita

384 2502 430 2554 est
452 2502 482 2554 et
503 2503 656 2573 praecepta
679 2493 835 2572 utrobique
858 2494 951 2554 adlata
973 2494 1059 2554 certis
1083 2495 1118 2555 de
1136 2497 1232 2557 causis
1247 2495 1345 2557 Neocli
1359 2495 1549 2558 abiudicanda

385 2605 463 2657 sunt.
507 2599 525 2670 ἓ
541 2594 581 2656 88
604 2595 693 2669 enim,
717 2595 742 2657 si
762 2597 855 2657 eidem
872 2597 985 2660 auctori
1000 2597 1170 2659 vindicanda
1193 2606 1270 2660 esset
1285 2607 1371 2678 atque
1386 2608 1548 2680 praecepta,

384 2718 458 2779 quae
473 2699 659 2772 antecedunt,
682 2717 736 2759 suo
753 2699 816 2760 loco
832 2699 954 2761 minime
969 2701 1111 2780 quadrare
1120 2702 1140 2776 ¹,
1163 2702 1229 2782 quia
1246 2703 1323 2764 haud
1339 2703 1547 2765 obscuritatem

374 2823 400 2864 c
430 2801 526 2863 verbis
555 2801 717 2862 taciendam
745 2811 897 2882 spectaret,
929 2811 958 2864 et
983 2803 1169 2866 enuntiatum
1195 2805 1218 2866 E
1243 2805 1308 2875 18,
1330 2805 1372 2868 coi
1397 2805 1434 2869 dd
1456 2800 1549 2887 παρὰ

384 2904 478 2977 τάξιν
514 2904 626 2990 τιθῇς,
666 2907 774 2984 quippe
811 2905 890 2984 quod
928 2905 1050 2967 eandem
1085 2909 1260 2970 sententiam
1300 2909 1420 2970 haberet
1460 2926 1550 2988 quam

386 3008 521 3089 superius
537 3007 560 3067 E
578 3009 651 3081 172,
674 3027 797 3088 prorsus
820 3027 1067 3088 supervacaneum
1090 3030 1154 3072 esse
1176 3011 1328 3072 iudicares.
1371 3019 1401 3072 at
1423 3010 1550 3072 dubitari

385 3111 503 3191 nequit,
536 3111 608 3190 quin
635 3113 653 3186 ᾗ
677 3110 718 3172 88
745 3111 982 3191 Harpocrationis
1010 3113 1065 3184 sit,
1098 3133 1166 3174 cum
1195 3113 1431 3195 Harpocrationis
1462 3113 1549 3174 verba

385 3215 409 3276 E
431 3215 471 3275 20
487 3248 514 3286 1⁸
535 3224 565 3276 et
586 3233 619 3275 ea
641 3214 664 3274 E
687 3214 727 3274 27
742 3249 763 3288 5,
793 3234 868 3294 quae
897 3215 991 3277 eidem
1021 3217 1132 3278 rhetori
1154 3235 1242 3298 supra
1264 3217 1484 3297 adscripsimus,
1514 3217 1550 3278 ad

385 3319 463 3380 illam
487 3323 505 3394 ξ
527 3317 692 3398 respiciant.
737 3318 792 3380 hoc
818 3317 907 3398 igitur
928 3319 991 3380 loco
1013 3339 1030 3380 a
1052 3320 1183 3381 Cornuto
1207 3319 1441 3402 Harpocradonis
1463 3319 1549 3380 verba

386 3423 547 3503 praeceptis
580 3421 694 3482 Neoclis
727 3421 838 3482 adnexa
871 3432 949 3494 sunt,
984 3441 1072 3503 snpra
1105 3441 1173 3484 cum
1206 3424 1251 3486 bis
1278 3423 1431 3486 Alexandri
1464 3423 1550 3484 uerba

386 3525 541 3586 coniuncta
572 3543 637 3586 esse
664 3524 807 3586 videntur.
852 3528 888 3600 ἐξ
904 3525 1029 3587 72-78
1057 3527 1164 3588 multae
1192 3527 1300 3606 figurae
1330 3535 1548 3598 enumerantur,

387 3646 512 3708 quarum
540 3629 610 3690 alias
638 3627 842 3708 breviloquens
866 3629 956 3691 vitare
979 3628 1048 3691 alias
1071 3649 1213 3711 usurpare
1235 3631 1362 3693 iubetur.
1406 3629 1549 3703 cumbas

386 3732 494 3810 figuras
516 3750 619 3793 omnes
646 3731 676 3792 in
698 3731 853 3792 Alexandri
884 3733 919 3794 de
945 3733 1046 3811 liguris
1073 3733 1147 3795 libro
1171 3744 1307 3796 tractatas
1334 3752 1399 3795 esse
1426 3740 1549 3804 constat,

388 3844 452 3896 tum
486 3854 574 3896 unam
605 3854 640 3895 ex
668 3835 720 3908 eis,
754 3854 827 3915 quae
854 3833 890 3896 τὸ
920 3831 1153 3916 ἐπεζευγμένον
1175 3837 1353 3908 nominatur,
1388 3837 1550 3898 Alexandro

387 3937 563 4017 peculiarem
595 3938 684 4000 luisse
707 3939 883 4000 credendum
907 3946 960 4010 est,
991 3938 1057 4018 quia
1079 3957 1165 4000 nemo
1188 3939 1246 4001 nisi
1266 3940 1368 4020 Aquila
1390 3939 1550 4013 Romanus,

388 4042 437 4120 qui
460 4041 527 4104 illus
549 4042 657 4103 librum
681 4041 859 4122 epitomavlt,
883 4042 973 4104 deca
995 4041 1054 4120 egit
1076 4042 1125 4122 (cf.
1141 4043 1387 4106 commentarium
1401 4044 1436 4106 ad
1452 4047 1470 4118 ξ
1486 4043 1551 4123 76).

387 4144 486 4224 itaque
507 4145 704 4207 Alexandrum
728 4145 779 4206 bas
801 4146 909 4225 figuras
930 4155 964 4206 ut
986 4146 1119 4210 brevitati
1142 4155 1193 4209 aut
1215 4147 1316 4208 noxias
1338 4156 1390 4210 aut
1411 4147 1498 4210 utiles
1520 4146 1551 4207 iu

456 4293 615 4362 lliayserus
634 4295 735 4346 Mdoclt.
754 4293 803 4346 cat
822 4298 888 4346 Anz.
907 4297 971 4347 1855
994 4314 1017 4364 p.
1037 4299 1065 4348 11
1091 4301 1154 4349 hanc
1175 4298 1192 4364 ξ
1214 4306 1271 4365 post
1294 4299 1395 4349 verbum
1415 4298 1551 4365 χρείανΕ

390 4364 448 4417 l'la
467 4365 591 4415 collocari
612 4365 752 4430 proposuit.
