3536 5208
831 381 1034 446 -χ.,

345 578 411 619 curn
442 558 465 618 P
495 577 669 620 communes
696 567 775 632 sunt,
805 559 913 639 quibus
935 558 981 622 TS
1004 568 1094 622 vacat.
1139 563 1175 622 ci.
1197 579 1222 621 e.
1239 580 1265 640 g.
1288 561 1311 622 E
1336 564 1401 632 17„
1422 563 1513 642 parti-

344 660 452 742 cipium
476 660 722 737 γιγνώσκοντες,
751 662 830 742 quod
861 663 966 724 lalsum
994 683 1058 725 esse
1081 664 1356 726 demonstravimus.
1400 664 1514 736 E18⁸

344 773 374 825 et
399 765 440 825 uJ
466 775 495 826 et
522 765 544 825 P
577 765 749 845 particulam
779 761 829 843 ἂν,
863 785 951 845 quam
985 767 1031 829 TS
1065 767 1145 828 solus
1178 767 1306 841 tradidit
1340 767 1512 830 omiserunt.

343 867 406 929 aliis
428 877 527 929 autem
550 869 620 930 locis
636 869 677 929 Α]
700 886 756 929 uua
772 887 839 930 cum
857 869 904 930 TS
926 870 1082 949 genuinam
1105 870 1260 931 lectionem
1283 889 1337 949 pro
1360 870 1513 950 depravata

343 971 451 1033 codicis
474 971 496 1032 P
520 979 718 1046 servaverunt,
747 981 781 1034 ut
802 971 826 1032 E
850 973 916 1042 170
938 968 1241 1054 μεταχειρισάμεθα
1268 976 1317 1048 (ci.
1340 974 1406 1035 adn.
1423 974 1472 1034 Vll
1486 975 1511 1052 ³)

344 1082 374 1134 et
395 1074 419 1134 Ε
444 1074 509 1143 191
532 1073 587 1135 nal
611 1073 647 1137 ad
672 1073 749 1156 περὶ
772 1069 882 1138 αὐτοῦ.
927 1075 973 1136 his
995 1074 1134 1156 exemplis
1157 1075 1228 1136 satis
1251 1075 1345 1139 elucet
1363 1077 1513 1158 Epitomes

343 1177 483 1250 codicem,
512 1197 598 1257 quem
623 1177 664 1238 Α]
684 1190 752 1240 ante
774 1178 875 1239 oculos
898 1178 1072 1249 habuerunt,
1099 1177 1248 1240 meliorem
1273 1199 1360 1258 quam
1385 1181 1512 1242 codicem

343 1280 365 1341 P
389 1281 488 1342 luisse.
533 1299 711 1360 quamquam
734 1280 824 1360 igitur
845 1281 876 1342 in
891 1281 1041 1362 Epitomes
1059 1289 1203 1362 excerpta,
1226 1299 1300 1360 quae
1314 1281 1355 1343 hl
1370 1285 1512 1355 lecerunt,

343 1384 507 1464 permultae
530 1383 711 1463 corruptelae
733 1383 923 1464 irrepserunt,
947 1393 1045 1446 tamen
1068 1384 1111 1446 eis
1134 1384 1211 1447 haud
1233 1403 1341 1465 paucae
1363 1385 1471 1448 codicis
1490 1385 1513 1447 P

343 1487 526 1566 corruptelae
548 1495 699 1547 sanantur.

427 1589 547 1651 Praeter
568 1587 623 1650 tria
648 1607 751 1669 magna
773 1588 923 1669 Epitomes
946 1598 1089 1669 excerpta,
1112 1609 1187 1670 quae
1206 1589 1369 1672 lloropatcr
1390 1611 1406 1652 e
1428 1601 1513 1653 retu-

343 1692 467 1754 stiorum
498 1693 695 1772 Interpretum
726 1692 843 1753 scholiis
871 1692 1015 1772 exscripta
1043 1711 1107 1754 esse
1136 1696 1281 1774 expressis
1311 1694 1406 1756 verbis
1433 1693 1512 1768 dicit,

343 1795 421 1857 aliud
454 1795 603 1876 Epitomes
638 1804 808 1875 excerptum
842 1795 1000 1876 Doropatri
1026 1795 1160 1858 Homiliis
1187 1797 1223 1857 W
1238 1797 1265 1858 ll
1289 1797 1414 1870 198.-.
1440 1817 1512 1860 con-

343 1899 484 1960 tinctur1.
529 1899 576 1960 cui
602 1917 669 1960 cum
694 1898 859 1979 Doxcpater
879 1900 966 1960 rerba
992 1897 1078 1973 τινὲς
1105 1897 1142 1961 δὲ
1165 1899 1220 1961 καὶ
1242 1899 1338 1963 τοῦτο
1360 1899 1513 1979 λέγουσιν

343 2001 519 2084 praemittat,
542 2003 718 2081 pronomine
739 2002 825 2074 τινὲς
847 2001 895 2064 hic
913 2003 954 2063 At
977 2002 1132 2082 significari
1154 2002 1239 2064 nobis
1261 2021 1434 2084 persuasum
1457 2013 1512 2066 est.

360 2109 363 2114 '
429 2106 531 2167 Restat
559 2113 591 2166 ut
619 2125 677 2184 qua
699 2113 792 2166 aetate
814 2105 855 2165 Α]
877 2114 907 2167 et
928 2106 974 2167 TS
997 2106 1153 2186 llpitomen
1176 2106 1396 2187 compilaverint
1424 2127 1515 2188 quae-

343 2229 453 2270 ramus.
498 2228 534 2269 ex
555 2227 599 2282 co,
628 2207 705 2288 quod
729 2207 900 2288 Doropater‚
930 2227 1017 2288 quem
1042 2209 1202 2271 Bursianus
1225 2210 1322 2290 priore
1344 2218 1425 2290 parte
1448 2231 1513 2272 sae-

343 2313 401 2374 culi
427 2311 467 2372 Xl
500 2311 607 2373 vixisse
638 2311 855 2373 evidentissima
889 2312 1056 2374 coniectura
1089 2312 1225 2387 statuit²‚
1265 2314 1305 2375 hl
1339 2315 1513 2377 vetustiores

343 2417 521 2496 Interpretes
556 2415 709 2476 nominare
742 2423 772 2476 et
805 2424 872 2477 auto
902 2415 1085 2477 Geometram
1114 2435 1225 2497 ponere
1254 2418 1337 2491 solet,
1372 2417 1411 2478 lt
1433 2419 1512 2480 hunc

343 2519 503 2590 hominem,
531 2517 582 2598 qui
611 2517 767 2598 posteriori
794 2517 916 2580 dimidio
942 2517 1049 2580 saeculi
1072 2518 1097 2579 ll
1119 2519 1315 2598 adsignandus
1338 2530 1391 2594 est,
1419 2529 1512 2583 aetate

342 2623 535 2703 praecessisse
550 2621 760 2682 concludimus.
800 2622 838 2682 hl
855 2631 952 2684 autem
968 2620 1097 2682 Theonis
1114 2623 1283 2695 Scholiasta,
1303 2623 1387 2685 cuius
1403 2625 1512 2685 scholia

343 2727 372 2787 in
401 2724 535 2786 manibus
561 2724 701 2786 tenebant
727 2724 775 2802 (cl.
799 2725 864 2785 adn.
880 2725 967 2798 lxo),
997 2725 1150 2788 inferiores
1176 2735 1301 2788 suntet
1327 2727 1510 2807 aliquantum

343 2828 470 2910 spatium
502 2829 643 2908 temporis
670 2827 833 2890 interillos
856 2838 885 2890 et
906 2828 1034 2890 Theonis
1058 2830 1249 2892 Scholiastam
1273 2831 1442 2892 interfuisse
1469 2831 1510 2892 si·

344 2932 500 2994 millimum
521 2943 566 2994 est
582 2934 650 3006 reri,
674 2949 739 2994 curn
757 2931 885 2993 Theonis
902 2932 1063 2994 Scholiasta
1080 2933 1233 3014 Epitomcu
1252 2934 1346 2995 multo
1361 2933 1509 3014 puriorem

342 3046 371 3097 et
403 3035 589 3115 integriorem
624 3055 711 3115 quam
739 3035 779 3095 Al
811 3035 921 3114 legerit.
966 3037 1167 3116 compluribus
1199 3055 1268 3116 crgo
1296 3037 1417 3098 saeculis
1443 3045 1510 3097 aute

343 3157 453 3200 annum
477 3139 665 3200 millesimum
688 3137 823 3218 Epitome
846 3142 976 3201 coniecta
999 3159 1063 3202 esse
1087 3140 1208 3201 videtur.

589 3380 842 3459 RHETORES
877 3381 986 3460 IPSA
1022 3383 1141 3459 ARTE
1176 3380 1253 3459 USI

395 3555 417 3613 l.
452 3553 652 3616 Scholiasta
686 3554 920 3635 llermogenis
952 3557 992 3617 de
1024 3555 1233 3617 inventione
1264 3556 1452 3617 librorum.

426 3692 572 3765 Quattuor
598 3692 686 3755 huius
713 3693 809 3774 operis
833 3693 1057 3774 hermogeniani
1079 3693 1282 3756 commentarii
1304 3695 1401 3756 adhue
1421 3693 1508 3755 inuo-

342 3805 476 3857 tuerent:

344 3900 371 3959 1.
395 3899 630 3961 Commentarius
659 3898 689 3960 in
713 3900 813 3961 Walzii
841 3910 921 3961 tomo
944 3899 995 3960 Vll
1023 3898 1128 3973 editus,
1158 3899 1209 3978 qui
1234 3919 1251 3959 e
1274 3897 1408 3971 scholiis,
1434 3919 1509 3978 quae

394 4002 612 4082 Prolegomenis
634 4003 781 4078 carebant,
815 4013 844 4065 et
871 4003 964 4064 tribus
992 4003 1112 4064 diversis
1140 4002 1358 4082 Prolegomeuis
1384 4012 1508 4065 constat.

409 4195 418 4227 ¹
438 4195 504 4246 Haeo
527 4196 614 4260 verba,
636 4211 698 4262 quac
721 4197 777 4263 ipsa
797 4195 830 4246 W
848 4193 869 4245 ll
895 4195 989 4248 tar-e
1012 4203 1132 4261 excerpta
1155 4201 1222 4258 sunt,
1245 4210 1275 4244 ox
1293 4195 1314 4244 lt
1331 4194 1390 4260 §ll
1411 4204 1509 4261 sumpta

342 4279 398 4314 esse
420 4263 557 4314 Pinclhius
583 4266 631 4316 iam
654 4265 722 4315 vidit
749 4271 774 4316 et
800 4279 829 4314 ea
856 4266 887 4316 ud
914 4265 1027 4314 lacunam
1053 4263 1148 4315 codicis
1173 4263 1191 4312 P
1215 4264 1363 4330 explendam
1385 4264 1508 4315 adhibuit.

341 4331 373 4382 el.
393 4334 448 4384 eius
468 4332 630 4396 Programmu
647 4334 665 4383 l.
686 4349 707 4398 p.
722 4335 743 4384 7.

337 4447 339 4452 .
409 4400 419 4434 2
439 4401 463 4452 lu
483 4401 614 4452 Menandri
633 4402 745 4453 editione
764 4402 779 4451 l.
799 4417 821 4466 p.
837 4402 875 4450 13.
