<?xml version="1.0" encoding="UTF-8"?>
<!DOCTYPE html PUBLIC "-//W3C//DTD XHTML 1.0 Transitional//EN"
    "http://www.w3.org/TR/xhtml1/DTD/xhtml1-transitional.dtd">
<html xmlns="http://www.w3.org/1999/xhtml" xml:lang="en" lang="en">
 <head>
  <title>
</title>
<meta http-equiv="Content-Type" content="text/html;charset=utf-8" />
  <meta name='ocr-system' content='tesseract 3.04.00' />
  <meta name='ocr-capabilities' content='ocr_page ocr_carea ocr_par ocr_line ocrx_word'/>
</head>
<body>
  <div class='ocr_page' id='page_1' title='image "./cornutiartisrhe00corngoog_0055.png"; bbox 0 0 3536 5208; ppageno 0'>
   <div class='ocr_carea' id='block_1_1' title="bbox 828 409 1101 474">
    <p class='ocr_par' dir='ltr' id='par_1_1' title="bbox 828 409 1101 474">
     <span class='ocr_line' id='line_1_1' title="bbox 828 409 1101 474; baseline 0 0"><span class='ocrx_word' id='word_1_1' title='bbox 828 448 867 458; x_wconf 86' lang='lat'><em>-</em></span> <span class='ocrx_word' id='word_1_2' title='bbox 913 409 1015 474; x_wconf 87' lang='lat' dir='ltr'>XLIV</span> <span class='ocrx_word' id='word_1_3' title='bbox 1063 447 1101 456; x_wconf 88' lang='lat'><strong>-—</strong></span> 
     </span>
    </p>
   </div>
   <div class='ocr_carea' id='block_1_2' title="bbox 384 581 1558 2323">
    <p class='ocr_par' dir='ltr' id='par_1_2' title="bbox 384 581 1557 1904">
     <span class='ocr_line' id='line_1_2' title="bbox 389 581 1557 671; baseline -0.004 -17"><span class='ocrx_word' id='word_1_4' title='bbox 389 585 580 654; x_wconf 74' lang='grc' dir='ltr'><strong><em>τάττεσθαι.</em></strong></span> <span class='ocrx_word' id='word_1_5' title='bbox 628 586 838 671; x_wconf 71' lang='grc' dir='ltr'><strong><em>Ἀλέξανδρος</em></strong></span> <span class='ocrx_word' id='word_1_6' title='bbox 868 587 904 651; x_wconf 81' lang='grc' dir='ltr'><strong>δὲ</strong></span> <span class='ocrx_word' id='word_1_7' title='bbox 934 583 953 651; x_wconf 80' lang='grc' dir='ltr'>ὁ</span> <span class='ocrx_word' id='word_1_8' title='bbox 979 588 1037 650; x_wconf 82' lang='grc' dir='ltr'><strong>τοῦ</strong></span> <span class='ocrx_word' id='word_1_9' title='bbox 1064 589 1254 670; x_wconf 79' lang='grc' dir='ltr'><strong><em>Νοομρνίου</em></strong></span> <span class='ocrx_word' id='word_1_10' title='bbox 1283 584 1338 647; x_wconf 85' lang='grc' dir='ltr'><strong>καὶ</strong></span> <span class='ocrx_word' id='word_1_11' title='bbox 1361 587 1433 647; x_wconf 88' lang='grc' dir='ltr'><strong><em>κατ’</em></strong></span> <span class='ocrx_word' id='word_1_12' title='bbox 1456 581 1557 668; x_wconf 77' lang='grc' dir='ltr'><strong><em>ἀρχήν</em></strong></span> 
     </span>
     <span class='ocr_line' id='line_1_3' title="bbox 389 684 1556 778; baseline -0.003 -24"><span class='ocrx_word' id='word_1_13' title='bbox 389 709 472 778; x_wconf 85' lang='grc' dir='ltr'><strong><em>φησι</em></strong></span> <span class='ocrx_word' id='word_1_14' title='bbox 495 692 590 756; x_wconf 81' lang='grc' dir='ltr'><strong><em>τοῦτο</em></strong></span> <span class='ocrx_word' id='word_1_15' title='bbox 614 693 668 756; x_wconf 79' lang='grc' dir='ltr'><strong>καὶ</strong></span> <span class='ocrx_word' id='word_1_16' title='bbox 692 692 775 775; x_wconf 84' lang='grc' dir='ltr'><strong><em>μετὰ</em></strong></span> <span class='ocrx_word' id='word_1_17' title='bbox 795 691 854 775; x_wconf 81' lang='grc' dir='ltr'><strong>τὴν</strong></span> <span class='ocrx_word' id='word_1_18' title='bbox 876 688 1032 774; x_wconf 78' lang='grc' dir='ltr'><strong><em>διήγησιν</em></strong></span> <span class='ocrx_word' id='word_1_19' title='bbox 1055 690 1109 752; x_wconf 80' lang='grc' dir='ltr'><strong>καὶ</strong></span> <span class='ocrx_word' id='word_1_20' title='bbox 1131 687 1214 773; x_wconf 85' lang='grc' dir='ltr'><strong><em>μετὰ</em></strong></span> <span class='ocrx_word' id='word_1_21' title='bbox 1228 684 1285 760; x_wconf 82' lang='grc' dir='ltr'><strong><em>τοὶς</em></strong></span> <span class='ocrx_word' id='word_1_22' title='bbox 1301 691 1432 762; x_wconf 78' lang='grc' dir='ltr'><strong><em>πίστεις</em></strong></span> <span class='ocrx_word' id='word_1_23' title='bbox 1446 687 1556 751; x_wconf 87' lang='grc' dir='ltr'><strong><em>τάττε-</em></strong></span> 
     </span>
     <span class='ocr_line' id='line_1_4' title="bbox 389 789 1557 880; baseline -0.004 -22"><span class='ocrx_word' id='word_1_24' title='bbox 389 799 488 871; x_wconf 81' lang='grc' dir='ltr'><strong><em>σθαι,</em></strong></span> <span class='ocrx_word' id='word_1_25' title='bbox 513 793 610 859; x_wconf 78' lang='lat' dir='ltr'><strong>dxci</strong></span> <span class='ocrx_word' id='word_1_26' title='bbox 635 791 692 880; x_wconf 82' lang='lat' dir='ltr'><strong>(d)</strong></span> <span class='ocrx_word' id='word_1_27' title='bbox 719 797 939 877; x_wconf 82' lang='grc' dir='ltr'><strong><em>Δημοσθένης</em></strong></span> <span class='ocrx_word' id='word_1_28' title='bbox 958 792 1008 856; x_wconf 80' lang='grc' dir='ltr'><strong>-ἓν</strong></span> <span class='ocrx_word' id='word_1_29' title='bbox 1040 794 1085 875; x_wconf 77' lang='grc' dir='ltr'><strong>τῷ</strong></span> <span class='ocrx_word' id='word_1_30' title='bbox 1118 790 1202 854; x_wconf 87' lang='grc' dir='ltr'><strong><em>κατὰ</em></strong></span> <span class='ocrx_word' id='word_1_31' title='bbox 1225 789 1371 854; x_wconf 75' lang='grc' dir='ltr'><strong><em>Μειδίου</em></strong></span> <span class='ocrx_word' id='word_1_32' title='bbox 1394 794 1557 874; x_wconf 72' lang='grc' dir='ltr'><strong><em>πεποίηκε</em></strong></span> 
     </span>
     <span class='ocr_line' id='line_1_5' title="bbox 388 888 1557 982; baseline -0.005 -20"><span class='ocrx_word' id='word_1_33' title='bbox 388 897 509 982; x_wconf 73' lang='grc' dir='ltr'><strong><em>μεταξὺ</em></strong></span> <span class='ocrx_word' id='word_1_34' title='bbox 537 897 596 961; x_wconf 76' lang='grc' dir='ltr'><strong>τοῦ</strong></span> <span class='ocrx_word' id='word_1_35' title='bbox 623 894 723 976; x_wconf 85' lang='grc' dir='ltr'><strong><em>λόγου</em></strong></span> <span class='ocrx_word' id='word_1_36' title='bbox 752 897 856 960; x_wconf 79' lang='grc' dir='ltr'><strong><em>εἰπάν</em></strong></span> <span class='ocrx_word' id='word_1_37' title='bbox 885 899 916 978; x_wconf 63' lang='grc' dir='ltr'><strong>(ξ</strong></span> <span class='ocrx_word' id='word_1_38' title='bbox 932 899 985 976; x_wconf 83' lang='lat'><strong>77)</strong></span> <span class='ocrx_word' id='word_1_39' title='bbox 1015 897 1123 979; x_wconf 72' lang='lat' dir='ltr'><strong>‘cipeto</strong></span> <span class='ocrx_word' id='word_1_40' title='bbox 1150 899 1262 959; x_wconf 80' lang='grc' dir='ltr'>τοίνυν</span> <span class='ocrx_word' id='word_1_41' title='bbox 1287 894 1380 968; x_wconf 86' lang='grc' dir='ltr'><strong><em>τινὰς</em></strong></span> <span class='ocrx_word' id='word_1_42' title='bbox 1405 889 1507 976; x_wconf 78' lang='grc' dir='ltr'><strong><em>ὑμῶν,</em></strong></span> <span class='ocrx_word' id='word_1_43' title='bbox 1532 888 1557 956; x_wconf 83' lang='grc' dir='ltr'><em>ὦ</em></span> 
     </span>
     <span class='ocr_line' id='line_1_6' title="bbox 384 989 1556 1086; baseline -0.007 -20"><span class='ocrx_word' id='word_1_44' title='bbox 384 999 579 1086; x_wconf 77' lang='grc' dir='ltr'><strong><em>Ἀθηναῖοι,</em></strong></span> <span class='ocrx_word' id='word_1_45' title='bbox 615 1002 743 1064; x_wconf 72' lang='grc' dir='ltr'><strong><em>ποθεῖν</em></strong></span> <span class='ocrx_word' id='word_1_46' title='bbox 770 995 910 1062; x_wconf 78' lang='grc' dir='ltr'><strong><em>ἀκοῦσαι</em></strong></span> <span class='ocrx_word' id='word_1_47' title='bbox 941 998 1001 1082; x_wconf 76' lang='grc' dir='ltr'><strong>τήν</strong></span> <span class='ocrx_word' id='word_1_48' title='bbox 1028 997 1166 1082; x_wconf 77' lang='grc' dir='ltr'><strong><em>ἔχθραν,</em></strong></span> <span class='ocrx_word' id='word_1_49' title='bbox 1195 994 1266 1082; x_wconf 78' lang='grc' dir='ltr'><strong><em>ἥτις</em></strong></span> <span class='ocrx_word' id='word_1_50' title='bbox 1291 992 1332 1084; x_wconf 82' lang='grc' dir='ltr'><strong>ἦν</strong></span> <span class='ocrx_word' id='word_1_51' title='bbox 1357 993 1458 1081; x_wconf 66' lang='grc' dir='ltr'><strong><em>ἡμῖν.</em></strong></span> <span class='ocrx_word' id='word_1_52' title='bbox 1518 989 1556 1059; x_wconf 82' lang='grc' dir='ltr'><strong>οὗ</strong></span> 
     </span>
     <span class='ocr_line' id='line_1_7' title="bbox 388 1100 1555 1189; baseline -0.007 -20"><span class='ocrx_word' id='word_1_53' title='bbox 388 1105 452 1189; x_wconf 73' lang='grc' dir='ltr'><strong>μὴν</strong></span> <span class='ocrx_word' id='word_1_54' title='bbox 474 1105 533 1169; x_wconf 83' lang='grc' dir='ltr'><strong>διὰ</strong></span> <span class='ocrx_word' id='word_1_55' title='bbox 554 1102 683 1179; x_wconf 83' lang='grc' dir='ltr'><strong><em>τούτου,</em></strong></span> <span class='ocrx_word' id='word_1_56' title='bbox 707 1106 803 1187; x_wconf 83' lang='grc' dir='ltr'><strong><em>φησί,</em></strong></span> <span class='ocrx_word' id='word_1_57' title='bbox 828 1102 883 1165; x_wconf 82' lang='grc' dir='ltr'><strong>καὶ</strong></span> <span class='ocrx_word' id='word_1_58' title='bbox 906 1100 1017 1166; x_wconf 82' lang='grc' dir='ltr'><strong><em>διττὸν</em></strong></span> <span class='ocrx_word' id='word_1_59' title='bbox 1040 1105 1125 1165; x_wconf 83' lang='grc' dir='ltr'><strong><em>εἶναι</em></strong></span> <span class='ocrx_word' id='word_1_60' title='bbox 1147 1101 1184 1165; x_wconf 82' lang='grc' dir='ltr'><strong>τὸ</strong></span> <span class='ocrx_word' id='word_1_61' title='bbox 1208 1105 1389 1184; x_wconf 82' lang='grc' dir='ltr'><strong><em>προοίμιον</em></strong></span> <span class='ocrx_word' id='word_1_62' title='bbox 1410 1101 1555 1184; x_wconf 80' lang='grc' dir='ltr'><strong><em>νοητέον,</em></strong></span> 
     </span>
     <span class='ocr_line' id='line_1_8' title="bbox 389 1201 1557 1294; baseline -0.003 -24"><span class='ocrx_word' id='word_1_63' title='bbox 389 1204 474 1271; x_wconf 83' lang='grc' dir='ltr'><strong><em>ἀλλὰ</em></strong></span> <span class='ocrx_word' id='word_1_64' title='bbox 505 1206 541 1271; x_wconf 79' lang='grc' dir='ltr'><strong>τὸ</strong></span> <span class='ocrx_word' id='word_1_65' title='bbox 576 1204 636 1289; x_wconf 81' lang='grc' dir='ltr'><strong>μὲν</strong></span> <span class='ocrx_word' id='word_1_66' title='bbox 668 1205 701 1268; x_wconf 82' lang='grc' dir='ltr'><strong>ἓν</strong></span> <span class='ocrx_word' id='word_1_67' title='bbox 728 1204 809 1294; x_wconf 75' lang='grc' dir='ltr'><strong><em>ἀρχῇ</em></strong></span> <span class='ocrx_word' id='word_1_68' title='bbox 836 1205 918 1268; x_wconf 82' lang='grc' dir='ltr'><strong><em>κατὰ</em></strong></span> <span class='ocrx_word' id='word_1_69' title='bbox 944 1204 1002 1287; x_wconf 76' lang='grc' dir='ltr'><strong>τὴν</strong></span> <span class='ocrx_word' id='word_1_70' title='bbox 1029 1203 1170 1288; x_wconf 80' lang='grc' dir='ltr'><strong><em>δύναμιν</em></strong></span> <span class='ocrx_word' id='word_1_71' title='bbox 1199 1205 1254 1268; x_wconf 80' lang='grc' dir='ltr'><strong>καὶ</strong></span> <span class='ocrx_word' id='word_1_72' title='bbox 1282 1204 1363 1267; x_wconf 82' lang='grc' dir='ltr'><strong><em>κατὰ</em></strong></span> <span class='ocrx_word' id='word_1_73' title='bbox 1384 1203 1442 1286; x_wconf 78' lang='grc' dir='ltr'><strong>τὴν</strong></span> <span class='ocrx_word' id='word_1_74' title='bbox 1463 1201 1557 1275; x_wconf 85' lang='grc' dir='ltr'><strong><em>τάξιν</em></strong></span> 
     </span>
     <span class='ocr_line' id='line_1_9' title="bbox 389 1301 1557 1393; baseline -0.003 -20"><span class='ocrx_word' id='word_1_75' title='bbox 389 1308 596 1392; x_wconf 77' lang='grc' dir='ltr'><strong><em>κυριώτερον,</em></strong></span> <span class='ocrx_word' id='word_1_76' title='bbox 621 1313 716 1393; x_wconf 76' lang='grc' dir='ltr'><strong><em>φησί,</em></strong></span> <span class='ocrx_word' id='word_1_77' title='bbox 739 1302 924 1392; x_wconf 79' lang='grc' dir='ltr'><strong><em>νομιστέον,</em></strong></span> <span class='ocrx_word' id='word_1_78' title='bbox 947 1307 984 1371; x_wconf 86' lang='grc' dir='ltr'><strong>τὸ</strong></span> <span class='ocrx_word' id='word_1_79' title='bbox 1007 1307 1044 1371; x_wconf 76' lang='grc' dir='ltr'><strong>δὲ</strong></span> <span class='ocrx_word' id='word_1_80' title='bbox 1067 1307 1102 1372; x_wconf 78' lang='grc' dir='ltr'><strong>ἕν</strong></span> <span class='ocrx_word' id='word_1_81' title='bbox 1123 1309 1168 1392; x_wconf 79' lang='grc' dir='ltr'><strong>τῷ</strong></span> <span class='ocrx_word' id='word_1_82' title='bbox 1182 1306 1303 1388; x_wconf 79' lang='grc' dir='ltr'><strong><em>μεταξὺ</em></strong></span> <span class='ocrx_word' id='word_1_83' title='bbox 1319 1305 1402 1370; x_wconf 83' lang='grc' dir='ltr'><strong><em>κατὰ</em></strong></span> <span class='ocrx_word' id='word_1_84' title='bbox 1416 1301 1557 1388; x_wconf 81' lang='grc' dir='ltr'><strong><em>δύναμιν</em></strong></span> 
     </span>
     <span class='ocr_line' id='line_1_10' title="bbox 388 1405 1556 1498; baseline -0.004 -21"><span class='ocrx_word' id='word_1_85' title='bbox 388 1411 507 1498; x_wconf 85' lang='grc' dir='ltr'><strong><em>μόνον·</em></strong></span> <span class='ocrx_word' id='word_1_86' title='bbox 535 1412 684 1494; x_wconf 76' lang='grc' dir='ltr'><strong><em>θορύβου</em></strong></span> <span class='ocrx_word' id='word_1_87' title='bbox 706 1411 768 1494; x_wconf 87' lang='grc' dir='ltr'><strong>γάρ</strong></span> <span class='ocrx_word' id='word_1_88' title='bbox 791 1409 951 1486; x_wconf 80' lang='grc' dir='ltr'><strong><em>πολλάκις</em></strong></span> <span class='ocrx_word' id='word_1_89' title='bbox 973 1409 1008 1474; x_wconf 80' lang='grc' dir='ltr'><strong>ἒν</strong></span> <span class='ocrx_word' id='word_1_90' title='bbox 1030 1413 1075 1495; x_wconf 77' lang='grc' dir='ltr'><strong>τῷ</strong></span> <span class='ocrx_word' id='word_1_91' title='bbox 1096 1409 1216 1492; x_wconf 78' lang='grc' dir='ltr'><strong><em>μεταξὺ</em></strong></span> <span class='ocrx_word' id='word_1_92' title='bbox 1238 1413 1412 1492; x_wconf 77' lang='grc' dir='ltr'><strong><em>γινομένου</em></strong></span> <span class='ocrx_word' id='word_1_93' title='bbox 1435 1405 1556 1492; x_wconf 71' lang='grc' dir='ltr'><strong><em>ἀνάγκη</em></strong></span> 
     </span>
     <span class='ocr_line' id='line_1_11' title="bbox 388 1512 1556 1601; baseline -0.004 -18"><span class='ocrx_word' id='word_1_94' title='bbox 388 1513 686 1601; x_wconf 81' lang='grc' dir='ltr'><strong><em>προοιμιάσασθαι</em></strong></span> <span class='ocrx_word' id='word_1_95' title='bbox 717 1513 822 1578; x_wconf 89' lang='grc' dir='ltr'><strong><em>πάλιν</em></strong></span> <span class='ocrx_word' id='word_1_96' title='bbox 847 1514 932 1596; x_wconf 83' lang='grc' dir='ltr'><strong><em>πρὸς</em></strong></span> <span class='ocrx_word' id='word_1_97' title='bbox 958 1515 994 1578; x_wconf 86' lang='grc' dir='ltr'><strong>τὸ</strong></span> <span class='ocrx_word' id='word_1_98' title='bbox 1021 1514 1191 1598; x_wconf 68' lang='grc' dir='ltr'><strong><em>προσοχὴν</em></strong></span> <span class='ocrx_word' id='word_1_99' title='bbox 1219 1512 1440 1598; x_wconf 76' lang='grc' dir='ltr'><strong><em>ἐργάσασθαι.</em></strong></span> <span class='ocrx_word' id='word_1_100' title='bbox 1489 1536 1556 1578; x_wconf 91' lang='lat' dir='ltr'><strong>cnm</strong></span> 
     </span>
     <span class='ocr_line' id='line_1_12' title="bbox 388 1615 1556 1700; baseline -0.002 -16"><span class='ocrx_word' id='word_1_101' title='bbox 388 1624 435 1684; x_wconf 90' lang='lat' dir='ltr'><strong>lris</strong></span> <span class='ocrx_word' id='word_1_102' title='bbox 457 1621 552 1683; x_wconf 89' lang='lat' dir='ltr'><strong>verbis</strong></span> <span class='ocrx_word' id='word_1_103' title='bbox 575 1641 592 1682; x_wconf 94' lang='lat' dir='ltr'><strong>a</strong></span> <span class='ocrx_word' id='word_1_104' title='bbox 613 1621 744 1682; x_wconf 85' lang='lat' dir='ltr'><strong>Cornuto</strong></span> <span class='ocrx_word' id='word_1_105' title='bbox 760 1619 873 1681; x_wconf 88' lang='lat' dir='ltr'><strong>Neoclis</strong></span> <span class='ocrx_word' id='word_1_106' title='bbox 897 1621 932 1681; x_wconf 92' lang='lat' dir='ltr'><strong>de</strong></span> <span class='ocrx_word' id='word_1_107' title='bbox 954 1615 1044 1691; x_wconf 87' lang='grc' dir='ltr'><strong><em>τάξει</em></strong></span> <span class='ocrx_word' id='word_1_108' title='bbox 1067 1619 1210 1700; x_wconf 86' lang='lat' dir='ltr'><strong>prooemii</strong></span> <span class='ocrx_word' id='word_1_109' title='bbox 1232 1629 1386 1700; x_wconf 90' lang='lat' dir='ltr'><strong>praecepta</strong></span> <span class='ocrx_word' id='word_1_110' title='bbox 1401 1620 1556 1682; x_wconf 89' lang='lat' dir='ltr'><strong>coniuncta</strong></span> 
     </span>
     <span class='ocr_line' id='line_1_13' title="bbox 389 1719 1556 1804; baseline -0.003 -16"><span class='ocrx_word' id='word_1_111' title='bbox 389 1745 454 1788; x_wconf 90' lang='lat' dir='ltr'><strong>esse</strong></span> <span class='ocrx_word' id='word_1_112' title='bbox 476 1726 631 1798; x_wconf 87' lang='lat' dir='ltr'><strong>credimus,</strong></span> <span class='ocrx_word' id='word_1_113' title='bbox 655 1724 722 1804; x_wconf 93' lang='lat' dir='ltr'><strong>qnia</strong></span> <span class='ocrx_word' id='word_1_114' title='bbox 745 1743 819 1803; x_wconf 91' lang='lat' dir='ltr'><strong>quae</strong></span> <span class='ocrx_word' id='word_1_115' title='bbox 841 1724 918 1784; x_wconf 91' lang='lat' dir='ltr'><strong>idem</strong></span> <span class='ocrx_word' id='word_1_116' title='bbox 942 1723 978 1784; x_wconf 92' lang='lat' dir='ltr'><strong>de</strong></span> <span class='ocrx_word' id='word_1_117' title='bbox 992 1719 1089 1794; x_wconf 82' lang='grc' dir='ltr'><strong><em>τάξει</em></strong></span> <span class='ocrx_word' id='word_1_118' title='bbox 1112 1723 1287 1784; x_wconf 77' lang='lat' dir='ltr'>narrationis</span> <span class='ocrx_word' id='word_1_119' title='bbox 1310 1733 1340 1785; x_wconf 91' lang='lat' dir='ltr'><strong>et</strong></span> <span class='ocrx_word' id='word_1_120' title='bbox 1362 1723 1467 1804; x_wconf 81' lang='lat' dir='ltr'>epilogi</span> <span class='ocrx_word' id='word_1_121' title='bbox 1489 1742 1556 1803; x_wconf 92' lang='lat' dir='ltr'><strong>par·</strong></span> 
     </span>
     <span class='ocr_line' id='line_1_14' title="bbox 390 1825 1266 1904; baseline -0.003 -14"><span class='ocrx_word' id='word_1_122' title='bbox 390 1831 465 1890; x_wconf 94' lang='lat' dir='ltr'><strong>tium</strong></span> <span class='ocrx_word' id='word_1_123' title='bbox 488 1829 596 1902; x_wconf 91' lang='lat' dir='ltr'><strong>docuit,</strong></span> <span class='ocrx_word' id='word_1_124' title='bbox 620 1828 643 1889; x_wconf 86' lang='lat' dir='ltr'>E</span> <span class='ocrx_word' id='word_1_125' title='bbox 665 1831 701 1904; x_wconf 60' lang='grc' dir='ltr'><strong>ἐξ</strong></span> <span class='ocrx_word' id='word_1_126' title='bbox 720 1826 896 1901; x_wconf 76' lang='lat' dir='ltr'><strong>tua-128,</strong></span> <span class='ocrx_word' id='word_1_127' title='bbox 919 1827 990 1900; x_wconf 82' lang='lat'><strong>211,</strong></span> <span class='ocrx_word' id='word_1_128' title='bbox 1014 1825 1076 1888; x_wconf 79' lang='lat'><strong>239</strong></span> <span class='ocrx_word' id='word_1_129' title='bbox 1100 1827 1266 1890; x_wconf 89' lang='lat' dir='ltr'><strong>traduntur.</strong></span> 
     </span>
    </p>

    <p class='ocr_par' dir='ltr' id='par_1_3' title="bbox 388 1930 1558 2323">
     <span class='ocr_line' id='line_1_15' title="bbox 473 1930 1557 2014; baseline 0.001 -21"><span class='ocrx_word' id='word_1_130' title='bbox 473 1931 513 1994; x_wconf 80' lang='lat' dir='ltr'><strong>lle</strong></span> <span class='ocrx_word' id='word_1_131' title='bbox 529 1932 661 2014; x_wconf 90' lang='lat' dir='ltr'><strong>proxima</strong></span> <span class='ocrx_word' id='word_1_132' title='bbox 677 1931 799 1993; x_wconf 83' lang='lat' dir='ltr'><strong>Cornuti</strong></span> <span class='ocrx_word' id='word_1_133' title='bbox 815 1930 892 1992; x_wconf 74' lang='lat' dir='ltr'><strong>Artis</strong></span> <span class='ocrx_word' id='word_1_134' title='bbox 915 1940 1005 2012; x_wconf 92' lang='lat' dir='ltr'><strong>parte,</strong></span> <span class='ocrx_word' id='word_1_135' title='bbox 1029 1949 1087 2010; x_wconf 84' lang='lat' dir='ltr'><strong>qna</strong></span> <span class='ocrx_word' id='word_1_136' title='bbox 1110 1949 1177 1991; x_wconf 90' lang='lat' dir='ltr'><strong>enm</strong></span> <span class='ocrx_word' id='word_1_137' title='bbox 1201 1931 1349 2010; x_wconf 90' lang='lat' dir='ltr'><strong>quaesisse</strong></span> <span class='ocrx_word' id='word_1_138' title='bbox 1372 1932 1557 1994; x_wconf 88' lang='lat' dir='ltr'><strong>demonstra·</strong></span> 
     </span>
     <span class='ocr_line' id='line_1_16' title="bbox 388 2034 1558 2116; baseline -0.001 -19"><span class='ocrx_word' id='word_1_139' title='bbox 388 2036 498 2108; x_wconf 83' lang='lat' dir='ltr'><strong>vimus,</strong></span> <span class='ocrx_word' id='word_1_140' title='bbox 532 2047 632 2098; x_wconf 88' lang='lat' dir='ltr'><strong>utrum</strong></span> <span class='ocrx_word' id='word_1_141' title='bbox 667 2034 849 2116; x_wconf 91' lang='lat' dir='ltr'><strong>prooemium</strong></span> <span class='ocrx_word' id='word_1_142' title='bbox 874 2034 1074 2114; x_wconf 85' lang='lat' dir='ltr'><strong>¹dividendum</strong></span> <span class='ocrx_word' id='word_1_143' title='bbox 1109 2042 1187 2096; x_wconf 90' lang='lat' dir='ltr'><strong>esset</strong></span> <span class='ocrx_word' id='word_1_144' title='bbox 1219 2053 1327 2106; x_wconf 90' lang='lat' dir='ltr'><strong>necne,</strong></span> <span class='ocrx_word' id='word_1_145' title='bbox 1361 2035 1468 2096; x_wconf 90' lang='lat' dir='ltr'><strong>certius</strong></span> <span class='ocrx_word' id='word_1_146' title='bbox 1501 2035 1558 2096; x_wconf 94' lang='lat' dir='ltr'><strong>dici</strong></span> 
     </span>
     <span class='ocr_line' id='line_1_17' title="bbox 389 2137 1558 2219; baseline -0.002 -19"><span class='ocrx_word' id='word_1_147' title='bbox 389 2140 498 2219; x_wconf 90' lang='lat' dir='ltr'><strong>nequit.</strong></span> <span class='ocrx_word' id='word_1_148' title='bbox 533 2158 628 2219; x_wconf 90' lang='lat' dir='ltr'><strong>neque</strong></span> <span class='ocrx_word' id='word_1_149' title='bbox 651 2138 808 2201; x_wconf 88' lang='lat' dir='ltr'><strong>diiudicare</strong></span> <span class='ocrx_word' id='word_1_150' title='bbox 831 2157 982 2208; x_wconf 93' lang='lat' dir='ltr'><strong>conemur,</strong></span> <span class='ocrx_word' id='word_1_151' title='bbox 1006 2137 1109 2199; x_wconf 91' lang='lat' dir='ltr'><strong>ultima</strong></span> <span class='ocrx_word' id='word_1_152' title='bbox 1130 2137 1218 2218; x_wconf 91' lang='lat' dir='ltr'><strong>primi</strong></span> <span class='ocrx_word' id='word_1_153' title='bbox 1240 2139 1276 2200; x_wconf 94' lang='lat' dir='ltr'><strong>de</strong></span> <span class='ocrx_word' id='word_1_154' title='bbox 1298 2137 1465 2200; x_wconf 79' lang='lat' dir='ltr'><strong>inventione</strong></span> <span class='ocrx_word' id='word_1_155' title='bbox 1486 2139 1558 2200; x_wconf 91' lang='lat' dir='ltr'><strong>tomi</strong></span> 
     </span>
     <span class='ocr_line' id='line_1_18' title="bbox 388 2241 1556 2323; baseline -0.002 -19"><span class='ocrx_word' id='word_1_156' title='bbox 388 2260 456 2323; x_wconf 87' lang='lat' dir='ltr'><strong>pars</strong></span> <span class='ocrx_word' id='word_1_157' title='bbox 478 2243 592 2322; x_wconf 86' lang='lat' dir='ltr'><strong>integra</strong></span> <span class='ocrx_word' id='word_1_158' title='bbox 613 2243 643 2304; x_wconf 94' lang='lat' dir='ltr'><strong>in</strong></span> <span class='ocrx_word' id='word_1_159' title='bbox 666 2243 740 2318; x_wconf 73' lang='lat' dir='ltr'><strong>E§§</strong></span> <span class='ocrx_word' id='word_1_160' title='bbox 756 2241 882 2303; x_wconf 80' lang='lat'>37-39</span> <span class='ocrx_word' id='word_1_161' title='bbox 906 2241 1096 2322; x_wconf 80' lang='lat' dir='ltr'><strong>transscripta</strong></span> <span class='ocrx_word' id='word_1_162' title='bbox 1118 2260 1155 2303; x_wconf 93' lang='lat' dir='ltr'><strong>an</strong></span> <span class='ocrx_word' id='word_1_163' title='bbox 1175 2251 1322 2304; x_wconf 90' lang='lat' dir='ltr'><strong>contracta</strong></span> <span class='ocrx_word' id='word_1_164' title='bbox 1337 2251 1366 2304; x_wconf 90' lang='lat' dir='ltr'><strong>et</strong></span> <span class='ocrx_word' id='word_1_165' title='bbox 1381 2250 1492 2304; x_wconf 74' lang='lat' dir='ltr'><strong>munta</strong></span> <span class='ocrx_word' id='word_1_166' title='bbox 1509 2241 1556 2304; x_wconf 90' lang='lat' dir='ltr'><strong>sit.</strong></span> 
     </span>
    </p>
   </div>
   <div class='ocr_carea' id='block_1_3' title="bbox 692 2459 1257 2548">
    <p class='ocr_par' dir='ltr' id='par_1_4' title="bbox 692 2459 1257 2548">
     <span class='ocr_line' id='line_1_19' title="bbox 692 2459 1257 2548; baseline 0 -22"><span class='ocrx_word' id='word_1_167' title='bbox 692 2463 775 2543; x_wconf 78' lang='grc' dir='ltr'><strong><em>Περὶ</em></strong></span> <span class='ocrx_word' id='word_1_168' title='bbox 798 2460 953 2546; x_wconf 75' lang='grc' dir='ltr'><strong><em>εὑρέσεως</em></strong></span> <span class='ocrx_word' id='word_1_169' title='bbox 976 2459 1126 2548; x_wconf 77' lang='grc' dir='ltr'><strong><em>δεύτερος</em></strong></span> <span class='ocrx_word' id='word_1_170' title='bbox 1147 2463 1257 2547; x_wconf 85' lang='grc' dir='ltr'><strong><em>τόμος.</em></strong></span> 
     </span>
    </p>
   </div>
   <div class='ocr_carea' id='block_1_4' title="bbox 390 2586 1559 4218">
    <p class='ocr_par' dir='ltr' id='par_1_5' title="bbox 390 2586 1559 3909">
     <span class='ocr_line' id='line_1_20' title="bbox 475 2586 1558 2669; baseline 0.001 -21"><span class='ocrx_word' id='word_1_171' title='bbox 475 2588 509 2648; x_wconf 95' lang='lat' dir='ltr'><strong>ln</strong></span> <span class='ocrx_word' id='word_1_172' title='bbox 531 2587 680 2668; x_wconf 86' lang='lat' dir='ltr'><strong>Epitomes</strong></span> <span class='ocrx_word' id='word_1_173' title='bbox 712 2597 795 2669; x_wconf 93' lang='lat' dir='ltr'><strong>parte</strong></span> <span class='ocrx_word' id='word_1_174' title='bbox 829 2586 1004 2648; x_wconf 84' lang='lat' dir='ltr'><strong>narrationis</strong></span> <span class='ocrx_word' id='word_1_175' title='bbox 1037 2587 1111 2648; x_wconf 89' lang='lat' dir='ltr'><strong>fines</strong></span> <span class='ocrx_word' id='word_1_176' title='bbox 1138 2587 1328 2648; x_wconf 81' lang='lat' dir='ltr'><strong>antecedente</strong></span> <span class='ocrx_word' id='word_1_177' title='bbox 1357 2589 1405 2664; x_wconf 58' lang='grc' dir='ltr'><strong>(ἕξ</strong></span> <span class='ocrx_word' id='word_1_178' title='bbox 1420 2589 1495 2650; x_wconf 83' lang='lat'><strong>40-</strong></span> <span class='ocrx_word' id='word_1_179' title='bbox 1504 2588 1558 2666; x_wconf 86' lang='lat'><strong>45)</strong></span> 
     </span>
     <span class='ocr_line' id='line_1_21' title="bbox 391 2689 1557 2771; baseline 0 -19"><span class='ocrx_word' id='word_1_180' title='bbox 391 2693 538 2771; x_wconf 91' lang='lat' dir='ltr'><strong>quomodo</strong></span> <span class='ocrx_word' id='word_1_181' title='bbox 567 2691 795 2764; x_wconf 83' lang='lat' dir='ltr'><strong>criminationes,</strong></span> <span class='ocrx_word' id='word_1_182' title='bbox 827 2709 902 2770; x_wconf 90' lang='lat' dir='ltr'><strong>qnae</strong></span> <span class='ocrx_word' id='word_1_183' title='bbox 930 2689 961 2750; x_wconf 93' lang='lat' dir='ltr'><strong>in</strong></span> <span class='ocrx_word' id='word_1_184' title='bbox 984 2690 1071 2752; x_wconf 89' lang='lat' dir='ltr'><strong>certis</strong></span> <span class='ocrx_word' id='word_1_185' title='bbox 1094 2691 1269 2770; x_wconf 91' lang='lat' dir='ltr'><strong>quibusdam</strong></span> <span class='ocrx_word' id='word_1_186' title='bbox 1293 2691 1389 2753; x_wconf 91' lang='lat' dir='ltr'><strong>causis</strong></span> <span class='ocrx_word' id='word_1_187' title='bbox 1412 2701 1557 2754; x_wconf 93' lang='lat' dir='ltr'><strong>oratorem</strong></span> 
     </span>
     <span class='ocr_line' id='line_1_22' title="bbox 391 2791 1558 2877; baseline 0.001 -22"><span class='ocrx_word' id='word_1_188' title='bbox 391 2794 549 2873; x_wconf 69' lang='lat' dir='ltr'><strong>configant,</strong></span> <span class='ocrx_word' id='word_1_189' title='bbox 571 2795 752 2874; x_wconf 87' lang='lat' dir='ltr'><strong>repellantur</strong></span> <span class='ocrx_word' id='word_1_190' title='bbox 773 2793 904 2854; x_wconf 90' lang='lat' dir='ltr'><strong>docetur.</strong></span> <span class='ocrx_word' id='word_1_191' title='bbox 953 2793 1122 2855; x_wconf 90' lang='lat' dir='ltr'><strong>huiusmodi</strong></span> <span class='ocrx_word' id='word_1_192' title='bbox 1145 2795 1326 2876; x_wconf 87' lang='lat' dir='ltr'><strong>repulsiones</strong></span> <span class='ocrx_word' id='word_1_193' title='bbox 1351 2791 1558 2877; x_wconf 81' lang='grc' dir='ltr'><strong><em>προκαταλή-</em></strong></span> 
     </span>
     <span class='ocr_line' id='line_1_23' title="bbox 390 2896 1558 2980; baseline 0.001 -21"><span class='ocrx_word' id='word_1_194' title='bbox 390 2905 470 2980; x_wconf 80' lang='grc' dir='ltr'><strong><em>ψεις</em></strong></span> <span class='ocrx_word' id='word_1_195' title='bbox 492 2897 527 2959; x_wconf 95' lang='lat' dir='ltr'><strong>ab</strong></span> <span class='ocrx_word' id='word_1_196' title='bbox 550 2897 729 2958; x_wconf 80' lang='lat' dir='ltr'><strong>Anaximene</strong></span> <span class='ocrx_word' id='word_1_197' title='bbox 751 2897 950 2958; x_wconf 90' lang='lat' dir='ltr'><strong>nominantur.</strong></span> <span class='ocrx_word' id='word_1_198' title='bbox 988 2896 1038 2975; x_wconf 94' lang='lat' dir='ltr'><strong>qui</strong></span> <span class='ocrx_word' id='word_1_199' title='bbox 1062 2897 1102 2977; x_wconf 90' lang='lat' dir='ltr'><strong>Sp</strong></span> <span class='ocrx_word' id='word_1_200' title='bbox 1118 2898 1130 2958; x_wconf 98' lang='lat' dir='ltr'><strong>l</strong></span> <span class='ocrx_word' id='word_1_201' title='bbox 1145 2897 1309 2977; x_wconf 67' lang='lat' dir='ltr'><strong>2040sqq.</strong></span> <span class='ocrx_word' id='word_1_202' title='bbox 1332 2899 1430 2960; x_wconf 93' lang='lat' dir='ltr'><strong>omnia</strong></span> <span class='ocrx_word' id='word_1_203' title='bbox 1453 2917 1558 2978; x_wconf 85' lang='lat' dir='ltr'><strong>genera</strong></span> 
     </span>
     <span class='ocr_line' id='line_1_24' title="bbox 390 3000 1558 3081; baseline 0.002 -19"><span class='ocrx_word' id='word_1_204' title='bbox 390 3001 629 3062; x_wconf 91' lang='lat' dir='ltr'><strong>criminationum</strong></span> <span class='ocrx_word' id='word_1_205' title='bbox 650 3000 681 3061; x_wconf 93' lang='lat' dir='ltr'><strong>in</strong></span> <span class='ocrx_word' id='word_1_206' title='bbox 703 3001 837 3081; x_wconf 85' lang='lat' dir='ltr'><strong>Epitoma</strong></span> <span class='ocrx_word' id='word_1_207' title='bbox 860 3009 1030 3061; x_wconf 92' lang='lat' dir='ltr'><strong>enumerata</strong></span> <span class='ocrx_word' id='word_1_208' title='bbox 1053 3001 1187 3063; x_wconf 89' lang='lat' dir='ltr'><strong>tractavit</strong></span> <span class='ocrx_word' id='word_1_209' title='bbox 1208 3009 1238 3062; x_wconf 90' lang='lat' dir='ltr'><strong>et</strong></span> <span class='ocrx_word' id='word_1_210' title='bbox 1251 3003 1313 3063; x_wconf 88' lang='lat' dir='ltr'><strong>lere</strong></span> <span class='ocrx_word' id='word_1_211' title='bbox 1328 3003 1429 3064; x_wconf 89' lang='lat' dir='ltr'><strong>eadem</strong></span> <span class='ocrx_word' id='word_1_212' title='bbox 1444 3004 1480 3064; x_wconf 90' lang='lat' dir='ltr'><strong>de</strong></span> <span class='ocrx_word' id='word_1_213' title='bbox 1495 3003 1558 3065; x_wconf 89' lang='lat' dir='ltr'><strong>sin·</strong></span> 
     </span>
     <span class='ocr_line' id='line_1_25' title="bbox 390 3103 1558 3186; baseline 0.002 -21"><span class='ocrx_word' id='word_1_214' title='bbox 390 3105 464 3182; x_wconf 80' lang='lat' dir='ltr'><strong>gulis</strong></span> <span class='ocrx_word' id='word_1_215' title='bbox 496 3105 662 3167; x_wconf 80' lang='lat' dir='ltr'><strong>refellendis</strong></span> <span class='ocrx_word' id='word_1_216' title='bbox 695 3113 848 3186; x_wconf 90' lang='lat' dir='ltr'><strong>praecepta</strong></span> <span class='ocrx_word' id='word_1_217' title='bbox 881 3103 960 3164; x_wconf 88' lang='lat' dir='ltr'><strong>dedit</strong></span> <span class='ocrx_word' id='word_1_218' title='bbox 993 3105 1042 3164; x_wconf 92' lang='lat' dir='ltr'><strong>sed</strong></span> <span class='ocrx_word' id='word_1_219' title='bbox 1070 3105 1141 3166; x_wconf 91' lang='lat' dir='ltr'><strong>haec</strong></span> <span class='ocrx_word' id='word_1_220' title='bbox 1169 3107 1272 3166; x_wconf 90' lang='lat' dir='ltr'><strong>ceteris</strong></span> <span class='ocrx_word' id='word_1_221' title='bbox 1305 3105 1447 3186; x_wconf 91' lang='lat' dir='ltr'><strong>prooemii</strong></span> <span class='ocrx_word' id='word_1_222' title='bbox 1473 3125 1558 3186; x_wconf 91' lang='lat' dir='ltr'><strong>prae-</strong></span> 
     </span>
     <span class='ocr_line' id='line_1_26' title="bbox 391 3205 1558 3289; baseline 0 -19"><span class='ocrx_word' id='word_1_223' title='bbox 391 3209 482 3288; x_wconf 88' lang='lat' dir='ltr'><strong>ceptis</strong></span> <span class='ocrx_word' id='word_1_224' title='bbox 504 3209 637 3284; x_wconf 90' lang='lat' dir='ltr'><strong>insernit‚</strong></span> <span class='ocrx_word' id='word_1_225' title='bbox 673 3209 780 3289; x_wconf 92' lang='lat' dir='ltr'><strong>quibus</strong></span> <span class='ocrx_word' id='word_1_226' title='bbox 813 3207 892 3268; x_wconf 91' lang='lat' dir='ltr'><strong>modi</strong></span> <span class='ocrx_word' id='word_1_227' title='bbox 926 3205 1144 3269; x_wconf 92' lang='lat' dir='ltr'><strong>benevolentiae</strong></span> <span class='ocrx_word' id='word_1_228' title='bbox 1171 3207 1340 3270; x_wconf 86' lang='lat' dir='ltr'><strong>efficiendae</strong></span> <span class='ocrx_word' id='word_1_229' title='bbox 1362 3219 1558 3289; x_wconf 83' lang='lat' dir='ltr'><strong>exponuntur.</strong></span> 
     </span>
     <span class='ocr_line' id='line_1_27' title="bbox 390 3309 1558 3395; baseline 0.002 -23"><span class='ocrx_word' id='word_1_230' title='bbox 390 3313 491 3372; x_wconf 90' lang='lat' dir='ltr'><strong>rhetor</strong></span> <span class='ocrx_word' id='word_1_231' title='bbox 512 3322 621 3384; x_wconf 90' lang='lat' dir='ltr'><strong>autem,</strong></span> <span class='ocrx_word' id='word_1_232' title='bbox 644 3313 692 3374; x_wconf 90' lang='lat' dir='ltr'><strong>cui</strong></span> <span class='ocrx_word' id='word_1_233' title='bbox 708 3313 730 3373; x_wconf 82' lang='lat' dir='ltr'><strong>ll</strong></span> <span class='ocrx_word' id='word_1_234' title='bbox 746 3315 782 3388; x_wconf 57' lang='grc' dir='ltr'><strong>ἐξ</strong></span> <span class='ocrx_word' id='word_1_235' title='bbox 795 3311 919 3374; x_wconf 83' lang='grc'>40-45</span> <span class='ocrx_word' id='word_1_236' title='bbox 943 3313 1100 3386; x_wconf 89' lang='lat' dir='ltr'><strong>debentur,</strong></span> <span class='ocrx_word' id='word_1_237' title='bbox 1126 3309 1396 3395; x_wconf 79' lang='grc' dir='ltr'><strong><em>προκαταλήψεις</em></strong></span> <span class='ocrx_word' id='word_1_238' title='bbox 1419 3313 1558 3374; x_wconf 92' lang='lat' dir='ltr'><strong>orationis</strong></span> 
     </span>
     <span class='ocr_line' id='line_1_28' title="bbox 390 3415 1559 3497; baseline 0.002 -22"><span class='ocrx_word' id='word_1_239' title='bbox 390 3425 489 3494; x_wconf 91' lang='lat' dir='ltr'><strong>partes</strong></span> <span class='ocrx_word' id='word_1_240' title='bbox 511 3434 527 3476; x_wconf 96' lang='lat' dir='ltr'><strong>a</strong></span> <span class='ocrx_word' id='word_1_241' title='bbox 549 3416 708 3495; x_wconf 89' lang='lat' dir='ltr'><strong>prooemiis</strong></span> <span class='ocrx_word' id='word_1_242' title='bbox 723 3424 879 3496; x_wconf 80' lang='lat' dir='ltr'><strong>separatae,</strong></span> <span class='ocrx_word' id='word_1_243' title='bbox 903 3435 977 3497; x_wconf 91' lang='lat' dir='ltr'><strong>qnae</strong></span> <span class='ocrx_word' id='word_1_244' title='bbox 999 3416 1029 3477; x_wconf 94' lang='lat' dir='ltr'><strong>in</strong></span> <span class='ocrx_word' id='word_1_245' title='bbox 1046 3415 1107 3476; x_wconf 80' lang='lat' dir='ltr'><strong>suis</strong></span> <span class='ocrx_word' id='word_1_246' title='bbox 1123 3415 1219 3476; x_wconf 89' lang='lat' dir='ltr'><strong>causis</strong></span> <span class='ocrx_word' id='word_1_247' title='bbox 1234 3415 1451 3478; x_wconf 91' lang='lat' dir='ltr'><strong>narrationibus</strong></span> <span class='ocrx_word' id='word_1_248' title='bbox 1472 3435 1559 3496; x_wconf 91' lang='lat' dir='ltr'><strong>prae-</strong></span> 
     </span>
     <span class='ocr_line' id='line_1_29' title="bbox 390 3518 1558 3598; baseline 0.003 -20"><span class='ocrx_word' id='word_1_249' title='bbox 390 3518 608 3593; x_wconf 83' lang='lat' dir='ltr'><strong>mitterentur¹,</strong></span> <span class='ocrx_word' id='word_1_250' title='bbox 632 3519 739 3581; x_wconf 86' lang='lat' dir='ltr'><strong>dixisse</strong></span> <span class='ocrx_word' id='word_1_251' title='bbox 761 3521 885 3582; x_wconf 90' lang='lat' dir='ltr'><strong>videtur.</strong></span> <span class='ocrx_word' id='word_1_252' title='bbox 941 3519 1110 3582; x_wconf 90' lang='lat' dir='ltr'><strong>dubitamus</strong></span> <span class='ocrx_word' id='word_1_253' title='bbox 1141 3519 1239 3598; x_wconf 85' lang='lat' dir='ltr'><strong>igitur,</strong></span> <span class='ocrx_word' id='word_1_254' title='bbox 1261 3538 1298 3580; x_wconf 95' lang='lat' dir='ltr'><strong>an</strong></span> <span class='ocrx_word' id='word_1_255' title='bbox 1321 3520 1392 3581; x_wconf 93' lang='lat' dir='ltr'><strong>haec</strong></span> <span class='ocrx_word' id='word_1_256' title='bbox 1414 3519 1558 3582; x_wconf 90' lang='lat' dir='ltr'><strong>sententia</strong></span> 
     </span>
     <span class='ocr_line' id='line_1_30' title="bbox 390 3619 1558 3704; baseline 0.002 -22"><span class='ocrx_word' id='word_1_257' title='bbox 390 3619 421 3682; x_wconf 93' lang='lat' dir='ltr'><strong>in</strong></span> <span class='ocrx_word' id='word_1_258' title='bbox 443 3621 565 3684; x_wconf 87' lang='lat' dir='ltr'><strong>Cornuti</strong></span> <span class='ocrx_word' id='word_1_259' title='bbox 584 3622 654 3684; x_wconf 83' lang='lat' dir='ltr'><strong>Arte</strong></span> <span class='ocrx_word' id='word_1_260' title='bbox 675 3623 762 3702; x_wconf 92' lang='lat' dir='ltr'><strong>plane</strong></span> <span class='ocrx_word' id='word_1_261' title='bbox 784 3634 814 3685; x_wconf 89' lang='lat' dir='ltr'><strong>et</strong></span> <span class='ocrx_word' id='word_1_262' title='bbox 835 3643 972 3704; x_wconf 91' lang='lat' dir='ltr'><strong>expresse</strong></span> <span class='ocrx_word' id='word_1_263' title='bbox 994 3623 1132 3704; x_wconf 90' lang='lat' dir='ltr'><strong>explicata</strong></span> <span class='ocrx_word' id='word_1_264' title='bbox 1148 3623 1196 3684; x_wconf 88' lang='lat' dir='ltr'><strong>sit.</strong></span> <span class='ocrx_word' id='word_1_265' title='bbox 1241 3623 1363 3684; x_wconf 86' lang='lat' dir='ltr'><strong>Cornuti</strong></span> <span class='ocrx_word' id='word_1_266' title='bbox 1378 3622 1457 3684; x_wconf 91' lang='lat' dir='ltr'><strong>enirn</strong></span> <span class='ocrx_word' id='word_1_267' title='bbox 1472 3623 1558 3684; x_wconf 90' lang='lat' dir='ltr'><strong>verba</strong></span> 
     </span>
     <span class='ocr_line' id='line_1_31' title="bbox 390 3724 1559 3806; baseline 0.003 -22"><span class='ocrx_word' id='word_1_268' title='bbox 390 3724 421 3785; x_wconf 94' lang='lat' dir='ltr'><strong>iu</strong></span> <span class='ocrx_word' id='word_1_269' title='bbox 452 3724 507 3786; x_wconf 88' lang='lat' dir='ltr'><strong>hac</strong></span> <span class='ocrx_word' id='word_1_270' title='bbox 534 3724 683 3805; x_wconf 85' lang='lat' dir='ltr'><strong>Epitomes</strong></span> <span class='ocrx_word' id='word_1_271' title='bbox 715 3737 796 3806; x_wconf 91' lang='lat' dir='ltr'><strong>parte</strong></span> <span class='ocrx_word' id='word_1_272' title='bbox 823 3727 992 3790; x_wconf 86' lang='lat' dir='ltr'><strong>foedissime</strong></span> <span class='ocrx_word' id='word_1_273' title='bbox 1020 3735 1146 3788; x_wconf 90' lang='lat' dir='ltr'><strong>coartata</strong></span> <span class='ocrx_word' id='word_1_274' title='bbox 1173 3735 1202 3788; x_wconf 91' lang='lat' dir='ltr'><strong>et</strong></span> <span class='ocrx_word' id='word_1_275' title='bbox 1230 3729 1350 3788; x_wconf 81' lang='lat' dir='ltr'><strong>confusa</strong></span> <span class='ocrx_word' id='word_1_276' title='bbox 1379 3745 1443 3788; x_wconf 87' lang='lat' dir='ltr'><strong>esse</strong></span> <span class='ocrx_word' id='word_1_277' title='bbox 1465 3726 1559 3788; x_wconf 91' lang='lat' dir='ltr'><strong>obiter</strong></span> 
     </span>
     <span class='ocr_line' id='line_1_32' title="bbox 390 3827 710 3909; baseline 0.013 -22"><span class='ocrx_word' id='word_1_278' title='bbox 390 3827 558 3907; x_wconf 90' lang='lat' dir='ltr'><strong>inspicienti</strong></span> <span class='ocrx_word' id='word_1_279' title='bbox 580 3829 710 3909; x_wconf 90' lang='lat' dir='ltr'><strong>adparet.</strong></span> 
     </span>
    </p>

    <p class='ocr_par' dir='ltr' id='par_1_6' title="bbox 391 3931 1559 4218">
     <span class='ocr_line' id='line_1_33' title="bbox 474 3931 1558 4012; baseline 0.001 -20"><span class='ocrx_word' id='word_1_280' title='bbox 474 3931 655 3994; x_wconf 91' lang='lat' dir='ltr'><strong>Narrationis</strong></span> <span class='ocrx_word' id='word_1_281' title='bbox 688 3933 791 3995; x_wconf 89' lang='lat' dir='ltr'><strong>finium</strong></span> <span class='ocrx_word' id='word_1_282' title='bbox 824 3933 1015 4003; x_wconf 83' lang='lat' dir='ltr'><strong>enumeratio,</strong></span> <span class='ocrx_word' id='word_1_283' title='bbox 1050 3951 1137 4012; x_wconf 91' lang='lat' dir='ltr'><strong>quam</strong></span> <span class='ocrx_word' id='word_1_284' title='bbox 1165 3932 1188 3993; x_wconf 85' lang='lat' dir='ltr'>E</span> <span class='ocrx_word' id='word_1_285' title='bbox 1217 3935 1254 4008; x_wconf 61' lang='grc' dir='ltr'><strong>ἓξ</strong></span> <span class='ocrx_word' id='word_1_286' title='bbox 1274 3933 1396 3994; x_wconf 73' lang='lat' dir='ltr'><strong>ott—51</strong></span> <span class='ocrx_word' id='word_1_287' title='bbox 1432 3931 1558 4010; x_wconf 86' lang='lat' dir='ltr'><strong>exbibet,</strong></span> 
     </span>
     <span class='ocr_line' id='line_1_34' title="bbox 391 4034 1559 4115; baseline 0.002 -21"><span class='ocrx_word' id='word_1_288' title='bbox 391 4034 485 4095; x_wconf 92' lang='lat' dir='ltr'><strong>multo</strong></span> <span class='ocrx_word' id='word_1_289' title='bbox 518 4035 633 4115; x_wconf 90' lang='lat' dir='ltr'><strong>plenior</strong></span> <span class='ocrx_word' id='word_1_290' title='bbox 665 4045 711 4097; x_wconf 91' lang='lat' dir='ltr'><strong>est</strong></span> <span class='ocrx_word' id='word_1_291' title='bbox 743 4036 795 4110; x_wconf 88' lang='lat' dir='ltr'><strong>eis,</strong></span> <span class='ocrx_word' id='word_1_292' title='bbox 828 4036 955 4114; x_wconf 92' lang='lat' dir='ltr'><strong>quaein</strong></span> <span class='ocrx_word' id='word_1_293' title='bbox 977 4036 1120 4114; x_wconf 87' lang='lat' dir='ltr'><strong>excerptis</strong></span> <span class='ocrx_word' id='word_1_294' title='bbox 1143 4045 1306 4097; x_wconf 90' lang='lat' dir='ltr'><strong>ceterorum</strong></span> <span class='ocrx_word' id='word_1_295' title='bbox 1334 4036 1369 4098; x_wconf 94' lang='lat' dir='ltr'><strong>de</strong></span> <span class='ocrx_word' id='word_1_296' title='bbox 1390 4035 1559 4097; x_wconf 84' lang='lat' dir='ltr'><strong>inventione</strong></span> 
     </span>
     <span class='ocr_line' id='line_1_35' title="bbox 391 4137 1559 4218; baseline -0.001 -19"><span class='ocrx_word' id='word_1_297' title='bbox 391 4148 538 4200; x_wconf 91' lang='lat' dir='ltr'><strong>tomorum</strong></span> <span class='ocrx_word' id='word_1_298' title='bbox 562 4139 760 4213; x_wconf 87' lang='lat' dir='ltr'><strong>inveniuntur,</strong></span> <span class='ocrx_word' id='word_1_299' title='bbox 780 4148 879 4200; x_wconf 87' lang='lat' dir='ltr'><strong>tamen</strong></span> <span class='ocrx_word' id='word_1_300' title='bbox 895 4157 933 4200; x_wconf 90' lang='lat' dir='ltr'><strong>ne</strong></span> <span class='ocrx_word' id='word_1_301' title='bbox 948 4139 1023 4200; x_wconf 93' lang='lat' dir='ltr'><strong>banc</strong></span> <span class='ocrx_word' id='word_1_302' title='bbox 1037 4139 1155 4218; x_wconf 88' lang='lat' dir='ltr'><strong>quidem</strong></span> <span class='ocrx_word' id='word_1_303' title='bbox 1172 4138 1311 4200; x_wconf 87' lang='lat' dir='ltr'><strong>intactam</strong></span> <span class='ocrx_word' id='word_1_304' title='bbox 1327 4157 1391 4200; x_wconf 84' lang='lat' dir='ltr'><strong>esse</strong></span> <span class='ocrx_word' id='word_1_305' title='bbox 1406 4137 1559 4216; x_wconf 83' lang='lat' dir='ltr'><strong>cognosci-</strong></span> 
     </span>
    </p>
   </div>
   <div class='ocr_carea' id='block_1_5' title="bbox 391 4361 1558 4498">
    <p class='ocr_par' dir='ltr' id='par_1_7' title="bbox 391 4361 1558 4498">
     <span class='ocr_line' id='line_1_36' title="bbox 460 4361 1558 4430; baseline -0.002 -18"><span class='ocrx_word' id='word_1_306' title='bbox 460 4361 467 4394; x_wconf 87' lang='lat'>¹</span> <span class='ocrx_word' id='word_1_307' title='bbox 488 4361 625 4428; x_wconf 87' lang='lat' dir='ltr'><strong>Propterea</strong></span> <span class='ocrx_word' id='word_1_308' title='bbox 652 4369 846 4414; x_wconf 85' lang='lat' dir='ltr'><strong>cousentaneum</strong></span> <span class='ocrx_word' id='word_1_309' title='bbox 874 4370 930 4413; x_wconf 86' lang='lat' dir='ltr'><strong>crat</strong></span> <span class='ocrx_word' id='word_1_310' title='bbox 957 4364 986 4413; x_wconf 90' lang='lat' dir='ltr'><strong>dc</strong></span> <span class='ocrx_word' id='word_1_311' title='bbox 1013 4363 1052 4413; x_wconf 85' lang='lat' dir='ltr'><strong>bis</strong></span> <span class='ocrx_word' id='word_1_312' title='bbox 1079 4361 1266 4427; x_wconf 84' lang='lat' dir='ltr'><strong>repulsionibus</strong></span> <span class='ocrx_word' id='word_1_313' title='bbox 1292 4363 1343 4429; x_wconf 76' lang='lat' dir='ltr'><strong>agi,</strong></span> <span class='ocrx_word' id='word_1_314' title='bbox 1371 4369 1504 4430; x_wconf 85' lang='lat' dir='ltr'><strong>autequam</strong></span> <span class='ocrx_word' id='word_1_315' title='bbox 1528 4363 1558 4412; x_wconf 89' lang='lat' dir='ltr'><strong>de</strong></span> 
     </span>
     <span class='ocr_line' id='line_1_37' title="bbox 391 4431 1186 4498; baseline 0 -19"><span class='ocrx_word' id='word_1_316' title='bbox 391 4431 564 4481; x_wconf 87' lang='lat' dir='ltr'><strong>narratiouc&#39;</strong></span> <span class='ocrx_word' id='word_1_317' title='bbox 556 4447 612 4498; x_wconf 82' lang='lat' dir='ltr'><strong>ipsa</strong></span> <span class='ocrx_word' id='word_1_318' title='bbox 631 4439 751 4495; x_wconf 73' lang='lat' dir='ltr'><strong>ageretur</strong></span> <span class='ocrx_word' id='word_1_319' title='bbox 770 4439 796 4482; x_wconf 83' lang='lat' dir='ltr'><strong>et</strong></span> <span class='ocrx_word' id='word_1_320' title='bbox 815 4431 870 4483; x_wconf 89' lang='lat' dir='ltr'><strong>eine</strong></span> <span class='ocrx_word' id='word_1_321' title='bbox 888 4432 950 4482; x_wconf 87' lang='lat' dir='ltr'><strong>liues</strong></span> <span class='ocrx_word' id='word_1_322' title='bbox 969 4436 1186 4483; x_wconf 85' lang='lat' dir='ltr'><strong>enumerarentur.</strong></span> 
     </span>
    </p>
   </div>
   <div class='ocr_carea' id='block_1_6' title="bbox 0 0 1773 5208">
    <p class='ocr_par' dir='ltr' id='par_1_8' title="bbox 0 0 1773 5208">
     <span class='ocr_line' id='line_1_38' title="bbox 0 0 1773 5208; baseline 0 0"><span class='ocrx_word' id='word_1_323' title='bbox 0 0 1773 5208; x_wconf 95' lang='lat' dir='ltr'><strong> </strong></span> 
     </span>
    </p>
   </div>
  </div>
 </body>
</html>
