3536 5208
800 433 841 445 -
888 393 1023 461 XXXIV
1073 432 1109 441 -

372 585 478 656 ρεττοιι
501 576 748 656 pronominibus
777 583 916 654 quattuor
943 573 1083 636 orationis
1111 571 1249 653 partium,
1272 591 1346 652 quae
1369 571 1539 632 desideran-

371 688 420 740 tur
453 677 538 739 etin
578 679 677 740 llSae¹
704 687 841 758 excerpto
873 678 951 739 Artis
974 677 1010 736 W
1027 677 1061 737 lll
1078 678 1166 748 511,
1198 675 1346 754 leguntur,
1380 675 1466 736 rerba
1498 672 1540 736 τὰ

372 785 573 864 προκείμενα
595 783 663 863 poni
688 801 747 843 non
770 791 914 862 poterant,
943 781 1000 842 nisi
1022 782 1148 860 quodam
1173 779 1261 840 modo
1287 780 1344 840 lam
1367 777 1481 838 libellus
1504 778 1540 838 de

371 895 511 966 quattuor
533 885 673 946 orationis
696 885 828 966 partibus
851 885 914 946 fore
930 885 1025 946 dictus
1041 892 1128 944 esset.
1173 882 1271 962 itaque
1286 882 1412 944 dubitari
1427 881 1538 961 nequit,

371 989 442 1068 quin
465 988 552 1049 index
575 987 696 1049 Cornuti
719 989 797 1050 Artis
830 988 895 1049 talis
927 988 1025 1060 luerit,
1059 987 1174 1066 qualem
1198 985 1358 1047 Finckbius
1387 985 1487 1059 voluit,
1510 994 1540 1046 et

372 1092 549 1171 epitomator
571 1091 650 1152 Artis
673 1092 800 1152 eundem
824 1091 968 1172 receperit
988 1102 1076 1170 atquc
1097 1090 1133 1151 ad
1155 1090 1235 1150 hunc
1258 1097 1394 1169 spectans
1416 1107 1539 1150 enume-

370 1196 514 1256 rationem
542 1195 682 1256 orationis
709 1195 845 1274 partium¹
868 1214 936 1257 cum
964 1195 1060 1256 verbis
1088 1191 1130 1255 τὰ
1151 1195 1351 1273 προκείμενα
1374 1192 1538 1253 mutaverit.

370 1317 437 1360 cum
454 1309 552 1360 autem
576 1297 720 1360 incertum
738 1300 785 1372 sit,
808 1317 880 1360 nuru
896 1298 983 1360 verba
998 1297 1206 1377 inscriptionis,
1229 1316 1286 1376 qua
1302 1297 1449 1359 Cornutus
1465 1314 1539 1376 opus

372 1421 459 1464 suum
483 1403 633 1472 instruxit,
656 1422 779 1482 prorsus
801 1403 902 1463 eadem
925 1401 1050 1474 luerint,
1079 1419 1154 1480 quae
1176 1399 1335 1462 Finclrbius
1357 1399 1538 1480 proposuit²,

371 1525 426 1566 nos
449 1506 519 1566 baec
541 1506 627 1566 verba
651 1507 732 1586 operi
754 1506 912 1587 praefigere
934 1523 994 1566 non
1017 1504 1079 1566 ausi
1094 1504 1124 1564 in
1140 1503 1226 1564 titulo
1247 1501 1431 1586 Κορνούιον
1445 1504 1538 1584 τέχνη

371 1601 524 1691 ῥητορική
546 1609 791 1688 acquiescendum
816 1629 880 1670 esse
902 1627 1065 1670 censemus.

456 1712 598 1782 Titulum,
632 1733 719 1792 quem
744 1713 765 1772 P
789 1712 915 1783 exbibet,
950 1721 1017 1791 post
1048 1710 1249 1791 epitomatoris
1283 1719 1414 1790 tempora
1443 1707 1539 1769 libello

371 1814 581 1894 praescriptum
606 1834 670 1874 esse
692 1833 726 1874 eo
750 1815 950 1887 confirmatur,
973 1815 1051 1894 quod
1075 1815 1185 1874 indices
1209 1813 1389 1892 singulorum
1411 1811 1537 1892 capitum

371 1919 471 1978 eadem
495 1929 588 1978 aetate
610 1917 700 1978 additi
723 1928 802 1978 sunt.
847 1917 876 1976 in
901 1917 922 1976 P
945 1929 1085 1996 quattuor
1101 1917 1248 1998 Epitomes
1264 1916 1357 1996 capita
1374 1917 1539 1993 distiguun·

372 2030 428 2094 tur,
451 2040 576 2100 quorum
602 2040 673 2081 suus
689 2020 795 2100 cuique
810 2019 897 2080 index
913 2031 970 2081 est:
994 2021 1089 2101 primo
1106 2021 1182 2100 περὶ
1200 2022 1394 2100 προοιμίων,
1411 2019 1539 2079 secundo

371 2122 448 2204 περὶ
477 2121 674 2206 διηγήσεων,
709 2123 795 2183 tertio
825 2121 902 2204 περὶ
936 2123 1094 2197 πίστεων,
1127 2106 1231 2203 quarto
1265 2124 1342 2204 περὶ
1365 2119 1539 2200 ἐπιλογων.

371 2226 547 2306 epitomator
579 2236 677 2287 autem
701 2226 823 2288 Cornuti
845 2227 922 2286 Artis
956 2227 1118 2288 secundum
1153 2237 1240 2307 caput
1273 2227 1349 2287 inira
1381 2223 1439 2288 τὸν
1463 2223 1540 2306 περὶ

372 2325 528 2411 εὑρέσεως
561 2324 714 2408 δεύτερον
746 2326 848 2409 τόμον
882 2329 1052 2390 nominavit.
1108 2329 1202 2390 verbis
1236 2329 1313 2389 enim
1342 2329 1364 2390 E
1391 2331 1539 2408 4917sq,

371 2451 446 2511 quae
468 2432 653 2512 epitomatori
687 2431 786 2494 deberi
819 2432 918 2492 statim
952 2432 1209 2506 demonstrabitur,
1246 2431 1482 2512 Harpocratiouis
1505 2434 1540 2494 dc

372 2535 546 2598 narrationis
570 2535 734 2596 elocutione
756 2543 908 2614 praecepta
932 2534 1009 2598 inter
1032 2535 1162 2596 eiusdem
1186 2536 1222 2596 de
1243 2536 1386 2615 prooemii
1409 2547 1438 2597 et
1453 2555 1541 2616 argu-

373 2638 559 2698 mentationis
582 2638 746 2698 elocutione
768 2647 922 2716 praecepta
950 2638 1058 2698 omissa
1084 2658 1148 2699 esse
1176 2638 1327 2711 dicuntur,
1349 2638 1417 2718 quia
1439 2636 1541 2717 ἐντῷ

372 2740 449 2821 περὶ
473 2733 629 2822 εὑρέσεως
651 2738 790 2825 δευτέρω
813 2735 901 2822 τόμῳ
924 2741 1067 2821 descripta
1095 2750 1202 2802 essent.
1257 2741 1287 2802 in
1315 2741 1448 2821 Epitoma
1478 2741 1541 2822 ipsa

372 2852 440 2923 post
455 2843 610 2904 dlexandri
633 2844 668 2904 de
691 2843 865 2904 narrationis
885 2844 1049 2906 elocutione
1064 2854 1216 2924 praecepta
1239 2845 1288 2924 (ἓξ
1306 2844 1365 2906 136
1378 2845 1444 2925 sq.),
1467 2863 1541 2924 quae

372 2945 512 3006 desinunt
526 2946 557 3006 in
574 2947 659 3007 verba
677 2942 718 3019 ὠς
733 2945 793 3026 μὲν
809 2940 866 3008 οὖν
889 2944 1038 3010 καθόλου
1061 2948 1182 3021 εἰπεῖν,
1206 2941 1341 3030 τοιαύτη
1363 2944 1381 3030 η“
1397 2951 1453 3030 τῆς
1468 2946 1541 3030 διη-

371 3044 495 3129 γήσεως
524 3045 679 3130 ἑρμηνεία
707 3051 819 3110 τεκαὶ
843 3045 1033 3132 ὑπόκρισις,
1063 3049 1207 3130 incipiunt
1234 3052 1281 3112 illa
1304 3051 1541 3132 llarpocrationis

372 3162 534 3232 praecepta,
568 3153 603 3213 ad
634 3172 709 3231 quae
742 3153 970 3223 verbaE4917
1004 3153 1175 3234 respiciunt,
1203 3155 1239 3215 ab
1266 3155 1417 3216 enuntiato
1441 3150 1483 3226 οἷς
1504 3153 1541 3216 δὲ

372 3253 456 3315 κατὰ
476 3257 594 3336 μέτρον
616 3253 854 3338 διηγηματικὸν
877 3255 991 3333 λέγειν.
1037 3275 1104 3318 cum
1121 3257 1176 3317 hoc
1192 3257 1376 3318 enuntiatum
1399 3257 1541 3320 iacturam

373 3357 569 3436 complurium
599 3359 808 3420 rocabtdorum
842 3360 988 3440 accepisse
1021 3361 1210 3440 perspicuum
1243 3360 1290 3434 sit,
1313 3361 1482 3424 dubitamus
1504 3380 1541 3422 an

372 3459 449 3522 inter
470 3461 593 3540 perdita,
616 3480 691 3539 quae
713 3461 825 3541 integra
849 3462 928 3524 refici
955 3483 1040 3543 posse
1070 3463 1283 3543 desperandum
1312 3474 1366 3538 est,
1390 3465 1475 3526 verba
1500 3461 1542 3537 ως

371 3557 615 3642 Ἁρποκρατίων
631 3563 714 3645 φησὶ
737 3566 854 3627 luerint.
899 3585 965 3628 nam
988 3570 1025 3641 ἐξ
1043 3565 1209 3628 138-142
1232 3586 1291 3628 non
1314 3568 1371 3629 iem
1388 3569 1542 3630 Alexandri

373 3665 424 3726 sed
448 3665 684 3745 llarpocrationis
708 3686 771 3728 esse
794 3670 871 3732 baud
894 3689 956 3732 uno
978 3679 1151 3748 argumento
1174 3670 1327 3732 evincitur.
1381 3671 1543 3734 Alexander

374 3770 534 3848 generatim
570 3771 604 3831 dc
638 3771 802 3834 elocutione
836 3772 976 3834 orationis
1009 3773 1136 3853 partium
1171 3773 1369 3854 praescribere
1395 3775 1470 3838 solet
1491 3775 1540 3853 (cl.

442 3995 452 4028 1
471 3995 579 4046 Litteris
599 3998 640 4048 llS
659 4001 826 4050 vetustiorem
845 4000 916 4049 illurn
935 3999 1100 4063 Hermogenis
1119 4002 1148 4052 de
1167 4001 1219 4052 luv.
1237 4002 1360 4052 librorum
1380 4003 1542 4053 scholiastrnr

374 4063 559 4128 significamus,
587 4067 660 4116 cuius
689 4076 808 4132 excerpta
837 4069 910 4118 Artis
936 4069 961 4118 in
989 4070 1121 4136 anonymis
1148 4071 1271 4134 Scholiis,
1297 4073 1429 4138 anonymis
1455 4071 1543 4124 Prole-

375 4134 489 4194 gorueuis
502 4132 521 4196 l,
540 4137 721 4185 commentario
741 4137 977 4199 Pseudogeorgieuo
997 4153 1053 4187 esse
1071 4139 1309 4190 demonstravimus.

443 4200 523 4250 ²Alii
542 4203 640 4253 similes
659 4205 731 4254 tituli
750 4205 838 4254 libello
857 4207 922 4255 baud
941 4206 1023 4256 miuus
1041 4209 1094 4271 apti
1113 4214 1172 4256 sunt
1189 4214 1217 4257 ut
1238 4210 1323 4274 Τέχνη
1343 4209 1408 4273 περὶ
1426 4210 1479 4261 ταῖν
1496 4210 1544 4260 τοῦ

373 4264 454 4335 λόγου
478 4269 576 4341 μερῶν,
607 4271 649 4336 qui
677 4276 799 4322 extremis
826 4272 956 4337 Epitomes
984 4275 1071 4324 verbis
1098 4277 1188 4326 melius
1216 4292 1287 4342 quatu
1305 4275 1424 4327 Fiuelhii
1450 4279 1543 4327 titulus

373 4339 516 4403 respondet,
537 4340 580 4389 vel
595 4342 679 4406 Τέχνη
696 4343 761 4407 περὶ
772 4346 928 4410 προοιμίων
945 4343 991 4392 καί
1003 4333 1150 4410 διηγήσεων
1162 4345 1208 4394 καὶ
1219 4349 1339 4396 πίστεων
1350 4344 1396 4394 καί
1408 4339 1544 4413 ἔπιίὸγοιν

373 4403 417 4464 (cl.
438 4405 472 4456 W
484 4406 517 4458 lV
537 4407 568 4456 35
584 4423 604 4471 s,
624 4406 668 4458 Vll
689 4410 719 4459 19
731 4411 776 4472 οε),
795 4411 837 4474 qui
855 4411 886 4460 ad
906 4411 985 4476 prime
1004 4411 1133 4476 llpitorncs
1152 4412 1231 4464 verba
1250 4415 1342 4479 optime
1360 4415 1474 4479 quadrat.
