3536 5208
820 411 1064 474 -xtv-

446 589 560 651 Partem
590 587 745 650 WV1153
764 619 840 663 ο-οο,
872 608 929 668 qua
959 586 1037 669 περὶ
1067 583 1188 662 τάξεως
1216 589 1396 669 προοιμίου
1422 589 1529 668 agitur,

359 712 394 753 ex
417 694 486 754 Arte
511 702 659 773 sumptam
683 711 748 753 esse
770 711 859 772 supra
881 690 1158 753 demonstravimus.

444 795 525 868 Quae
558 804 722 875 sequuntur
755 795 791 856 W
812 795 862 856 Vll
895 794 934 856 53
956 796 1109 868 22—543,
1143 794 1259 856 aliunde
1292 794 1414 875 repetita
1448 804 1526 856 sunt.

360 900 502 978 prooemii
529 900 607 960 enim
636 899 802 978 exemplum
832 917 861 978 p.
878 897 918 959 53
934 929 960 966 22
989 907 1018 960 et
1047 897 1190 978 prooemii
1212 897 1280 958 finis
1302 907 1390 976 atque
1412 907 1527 978 etymo-

359 1000 434 1079 logia
457 1021 484 1082 p.
501 1003 568 1071 541
591 1002 811 1063 enumeratione
841 1002 972 1083 quinque
998 1003 1126 1082 partium
1151 1001 1291 1062 orationis
1314 999 1351 1059 W
1365 1001 1402 1060 tv
1420 1000 1459 1061 12
1474 1033 1526 1071 η-

363 1102 400 1166 13
414 1135 439 1174 ιο
461 1105 657 1180 continentur,
681 1125 770 1185 quam
793 1104 824 1168 in
846 1106 925 1178 Arte,
948 1124 1005 1185 qua
1021 1115 1160 1184 quattuor
1182 1103 1323 1166 orationis
1340 1112 1438 1183 partes
1461 1122 1525 1164 esse

360 1206 489 1276 docetur.
512 1226 572 1268 non
596 1210 726 1270 extitisse
748 1217 861 1270 certum
885 1217 939 1269 est.

445 1309 581 1372 Extrema
610 1331 678 1394 pars
708 1311 958 1382 wtt154,-,1
999 1309 1035 1370 de
1059 1310 1133 1390 topis
1164 1309 1308 1390 prooemii
1336 1307 1408 1370 est¹.
1453 1328 1525 1371 nuru

359 1413 456 1493 priora
483 1414 519 1474 de
545 1414 600 1475 hac
626 1434 658 1475 re
687 1416 773 1476 rerba
796 1434 824 1495 p.
841 1415 882 1475 54
896 1412 982 1483 ³4⁶²
1009 1413 1073 1474 trti
1095 1413 1266 1487 debeantur,
1289 1413 1447 1476 diiudicare
1468 1432 1528 1474 non

359 1516 518 1590 audemus,
541 1518 703 1596 posteriora
725 1537 754 1599 p.
772 1519 812 1578 54
827 1547 906 1588 ιο-οο
926 1535 961 1578 ex
984 1517 1052 1577 Arte
1081 1517 1201 1578 fluxisse
1223 1526 1312 1597 patet,
1335 1536 1403 1578 nam
1426 1517 1527 1578 eadem

360 1619 490 1700 pleniora
513 1620 611 1696 11:57
634 1620 849 1700 reperiunturl.
1131 1684 1141 1691 ,

445 1722 586 1785 Venimus
608 1724 644 1785 ad
666 1742 810 1805 anonyma
835 1723 959 1786 Scholia.
997 1741 1123 1802 quorum
1141 1733 1237 1804 caput,
1261 1744 1319 1803 quo
1342 1723 1528 1804 enthymema

360 1833 515 1900 tractatur,
543 1826 623 1888 Artis
652 1828 797 1908 excerptis
824 1829 967 1889 refertum
996 1845 1060 1888 esse
1090 1825 1148 1888 iam
1176 1826 1313 1888 vidimus.
1369 1845 1405 1887 ex
1427 1827 1527 1888 eadem

361 1929 432 1990 Arte
453 1929 485 1990 in
507 1930 674 2009 proximum
700 1931 884 1993 Scholiorum
909 1939 996 2010 caput
1019 1927 1257 2010 Harpocrationis
1279 1931 1315 1991 de
1337 1931 1529 2011 epenthyme-

362 2042 439 2094 mate
461 2033 549 2094 rerba
572 2034 621 2113 (W
637 2034 686 2094 Vll
703 2034 764 2096 769
787 2033 856 2095 adn.
877 2032 906 2105 6,
929 2033 1230 2112 Vt1011-4111,)
1254 2035 1427 2114 transcripta
1450 2045 1528 2096 sunt.

360 2154 434 2213 quae
460 2136 491 2196 in
522 2137 591 2197 Arte
619 2136 770 2198 extiterint
796 2155 917 2199 necesse
939 2146 993 2210 est,
1022 2155 1089 2197 cum
1114 2135 1349 2218 Harpocrationis
1372 2139 1407 2198 de
1429 2139 1529 2199 elocu-

360 2236 440 2298 tione
466 2238 730 2318 epenthymematis
760 2249 947 2320 praeceptum
971 2239 994 2299 E
1017 2239 1106 2314 §250
1130 2242 1191 2302 dari
1214 2261 1272 2303 non
1295 2240 1449 2320 potuisset,
1472 2241 1529 2301 nisi

360 2349 444 2402 antea
467 2341 609 2421 quaedam
634 2341 669 2402 de
691 2351 796 2404 natura
819 2343 1083 2423 epenthymematis
1112 2344 1187 2406 dicta
1211 2352 1320 2406 essent.
1379 2343 1450 2404 item
1474 2361 1528 2404 na-

360 2453 457 2506 turam
492 2444 708 2526 epichirematis
742 2445 772 2506 in
794 2447 864 2508 Arte
897 2446 1068 2527 explicatam
1103 2447 1195 2509 fuisse
1225 2447 1421 2521 concluditur,
1445 2448 1549 2509 cuius.

361 2548 477 2627 saepius
499 2548 530 2610 iu
552 2547 686 2629 Epitoma
710 2549 822 2610 mentio
845 2551 894 2611 fiat
917 2559 947 2611 et
975 2551 1011 2611 de
1038 2550 1122 2612 cuius
1149 2551 1312 2612 elocutione
1341 2550 1529 2631 Harpocratio

360 2649 383 2710 E
406 2650 501 2725 §248
523 2653 711 2732 praescribat.
749 2653 848 2732 itaque
870 2672 1085 2732 anonymorum
1108 2655 1290 2717 scholiorum
1315 2653 1427 2734 capitis,
1450 2655 1529 2734 quod

361 2753 396 2814 de
412 2753 619 2834 epichiremate
635 2764 688 2829 est,
712 2764 824 2836 partem
843 2757 865 2836 β
880 2756 929 2835 (W
941 2756 990 2817 llll
1007 2756 1068 2816 752
1084 2786 1146 2832 Η,
1162 2758 1185 2817 ll
1201 2759 1262 2820 395
1279 2757 1410 2828 12-397
1425 2758 1451 2838 ⁸)
1467 2757 1528 2818 trti

361 2855 559 2936 adsignemus.
597 2859 672 2919 hanc
687 2868 799 2939 partem
815 2858 884 2920 inde
907 2859 1049 2938 originem
1073 2859 1179 2921 ducere
1195 2862 1298 2922 multis
1320 2859 1435 2921 indiciis
1458 2880 1529 2922 con·

361 2960 505 3022 firmatur.
551 2961 683 3024 collectio
716 2962 933 3042 epichirematis
967 2963 1070 3024 linium
1106 2964 1253 3026 simillima
1287 2972 1333 3024 eat
1366 2964 1530 3024 collectioni

361 3063 589 3144 enthymematis
605 3064 709 3126 finium
727 3065 775 3139 (W
792 3067 840 3127 Vll
857 3066 932 3144 762)
955 3075 984 3127 et
999 3066 1137 3128 ultimum
1155 3076 1343 3146 praeceptum
1360 3067 1451 3146 partis
1467 3067 1531 3126 WV

362 3164 424 3228 396
436 3199 470 3240 aa,
498 3187 556 3246 quo
579 3167 796 3248 epichirematis
819 3170 924 3230 solutio
947 3170 1114 3250 exponitur,
1145 3169 1302 3250 respondet
1324 3169 1474 3252 Epitomes
1497 3171 1532 3232 de

362 3269 507 3330 solutione
541 3271 747 3351 paradigmatis
774 3281 929 3352 praecepto
953 3272 988 3345 (Ε
1010 3271 1128 3349 5187).
1173 3291 1261 3352 porro
1284 3271 1531 3354 llarpoorationis,

361 3371 486 3447 Neoclis,
512 3373 667 3435 Alexandri
698 3375 807 3438 mentio
838 3376 879 3436 fit.
930 3374 1056 3436 Zenonis
1083 3374 1208 3454 denique
1235 3377 1441 3457 paradigmatis
1464 3378 1532 3439 finis

361 3475 502 3548 adfertur,
525 3477 576 3556 qui
598 3477 621 3536 E
644 3481 661 3552 §
680 3478 739 3540 156
762 3498 880 3559 quoque
903 3478 1061 3539 invenitur.
1107 3477 1162 3538 tria
1177 3477 1267 3556 igitur
1282 3481 1375 3559 capita
1398 3481 1531 3542 Scholio-

361 3597 428 3640 rum
452 3580 525 3640 tomi
549 3579 627 3642 tertii
650 3581 764 3662 magnis
785 3581 864 3641 Artis
887 3581 1032 3662 excerptis
1054 3579 1161 3642 referta
1184 3581 1326 3644 videmus.

447 3681 482 3742 In
513 3701 573 3744 uno
608 3685 702 3765 capite
736 3683 856 3746 secundi
890 3683 963 3746 tomi
987 3683 1182 3758 scholiorum,
1206 3685 1283 3764 quod
1308 3685 1342 3746 de
1365 3685 1533 3747 narratione

431 3885 439 3918 ¹
458 3885 527 3950 Lege
547 3886 580 3938 W
595 3887 639 3939 Vll
658 3889 690 3938 54
704 3904 717 3941 e
734 3881 791 3938 ἀπὸ
808 3888 892 3958 τριῶν
908 3886 1003 3938 τόπων
1021 3887 1155 3938 secundum
1175 3889 1207 3940 W
1221 3888 1242 3940 ll
1259 3889 1308 3940 546
1323 3905 1343 3942 a.

429 3953 525 4005 4Ηοοο
548 3957 626 4006 verba
652 3957 814 4008 vehementer
841 3955 946 4006 confusa
970 3971 1027 4006 esso
1049 3957 1190 4024 Doxopatri
1209 3958 1296 4008 verbis
1316 3956 1350 4008 W
1364 3957 1384 4007 ll
1403 3957 1452 4007 546
1468 3971 1533 4011 s—ta

362 4024 516 4142 pompapatis
543 4024 657 4143 pdparet,
683 4041 746 4092 quac
770 4040 802 4076 ox
824 4027 912 4076 eodem
936 4023 1004 4075 sonte
1027 4031 1102 4092 atque
1126 4026 1171 4076 illa
1195 4024 1433 4090 Prolegomenmum
1456 4023 1534 4075 verba

380 4107 450 4142 errva
465 4108 479 4141 a
497 4108 543 4142 aun
559 4131 564 4143 .

432 4159 525 4211 ³ldem
554 4163 626 4212 locus
653 4161 752 4213 scholio
775 4161 949 4211 Demosthenis
976 4163 1006 4211 ad
1035 4177 1072 4212 or.
1085 4164 1118 4212 54
1138 4161 1179 4227 §l
1207 4163 1306 4227 subest,
1334 4163 1377 4214 sed
1404 4163 1430 4212 in
1454 4161 1535 4212 medio

363 4228 554 4294 relinquendum
581 4237 629 4292 est,
653 4238 737 4282 utrum
765 4231 902 4280 scholiasta
926 4230 981 4295 ipsa
1001 4231 1065 4281 Arte
1092 4247 1123 4280 an
1151 4232 1294 4282 vetustiore
1318 4231 1385 4282 libro
1413 4246 1474 4280 usus
1493 4230 1536 4294 sit,

363 4311 396 4347 ex
414 4313 462 4362 quo
481 4299 526 4348 illa
544 4300 575 4348 de
588 4298 654 4366 topis
667 4298 791 4364 prooemii
804 4306 938 4364 praecepta
951 4299 975 4348 in
989 4299 1078 4350 Artem
1090 4300 1261 4366 transscripta
1274 4300 1335 4350 sint.
1371 4299 1536 4350 scholiastam
1604 4301 1609 4310 ’

365 4381 412 4414 ιιοο
439 4381 471 4415 ex
493 4366 610 4432 Epitoma
632 4368 742 4432 pondere
767 4373 862 4415 certum
886 4373 934 4428 est,
961 4383 1016 4417 cum
1039 4376 1135 4419 rectum
1159 4369 1273 4419 ordinem
1297 4377 1486 4435 praeceptorum
1510 4373 1536 4416 et

363 4435 479 4500 exempla
497 4435 616 4485 uberiora
636 4450 708 4500 quam
727 4435 843 4500 llpitotne
863 4435 991 4486 exhibeat.
