3536 5208
849 399 1082 464 —LII—

383 573 510 635 iubebat.
555 573 651 653 itaque
679 593 738 636 non
766 575 934 650 dubitamus
956 577 1025 657 quin
1049 576 1203 640 Alexandri
1226 579 1261 640 de
1283 598 1338 641 usu
1362 580 1542 659 tropicarum

383 684 570 757 praeceptum
601 679 630 738 in
655 676 776 741 Cornuti
797 680 866 741 Arte
892 680 954 742 fere
987 679 1043 741 tale
1076 682 1178 756 fuerit,
1208 683 1292 762 quale
1316 683 1469 744 Geometra
1492 703 1543 744 ex-

382 780 471 840 hibet.
515 779 737 861 epitomatorem
761 782 867 844 hocin
890 783 1095 864 compendium
1119 786 1265 866 redegisse
1287 805 1321 848 eo
1344 783 1542 856 confirmatur,

382 883 459 964 quod
483 885 512 945 in
529 883 662 963 Epitoma
685 904 745 946 non
758 873 837 947 totus
849 887 931 948 locus
946 887 1188 951 Demosthenious
1210 909 1226 951 a
1243 890 1397 951 Geometra
1412 894 1543 950 servatus

382 989 432 1049 sed
456 1007 548 1050 unum
573 987 635 1049 eius
658 989 832 1050 vocabulum
856 1009 881 1050 e.
904 1009 929 1050 c.
952 991 1091 1052 adfertur.

412 1084 414 1090 ’
465 1091 656 1171 Praeceptum
684 1091 719 1152 de
746 1110 802 1152 usu
824 1091 882 1154 τοῦ
903 1089 1140 1175 ἐπεζευγμένοο
1167 1096 1267 1157 datum
1290 1093 1404 1176 plenius
1426 1093 1449 1154 Ε
1469 1092 1542 1168 376

381 1193 506 1255 traditur
539 1213 626 1274 quam
660 1214 676 1256 a
705 1195 874 1269 Geometra,
908 1197 958 1257 sed
986 1199 1152 1278 exemplum
1179 1199 1306 1260 adfixum
1335 1197 1369 1256 W
1390 1195 1542 1264 1123313

385 1296 527 1376 integrius
550 1305 604 1358 est.

463 1399 605 1462 Ultimum
642 1400 792 1462 brevitatis
827 1407 1028 1482 praeceptum,
1066 1403 1143 1482 quod
1179 1404 1331 1465 Geometra
1364 1422 1379 1462 a
1413 1401 1542 1463 Cornuto

379 1503 527 1583 repetivit,
555 1521 732 1583 quamquam
761 1504 950 1566 vehementer
976 1504 1182 1584 depravatum,
1210 1516 1308 1568 tamen
1329 1505 1415 1567 nobis
1439 1524 1543 1585 magno

378 1606 489 1668 fructui
512 1614 565 1668 est.

379 1708 573 1780 W112331⁶
602 1707 657 1770 καὶ
683 1707 720 1771 τό
749 1703 927 1774 ἀσύνδετον
949 1709 987 1774 δὲ
1007 1709 1171 1787 τοιοῦτον,
1203 1705 1246 1784 ὥς
1267 1707 1304 1772 τό
1327 1708 1410 1771 κατὰ
1432 1705 1542 1793 κόμμα

420 1805 531 1895 ὥσπερ
554 1810 609 1874 καὶ
632 1814 867 1897 Δημοσθένης·
891 1817 920 1893 (1
944 1815 1010 1892 39)
1031 1811 1228 1897 <Με9ούνην,
1254 1808 1402 1886 Πύδναν,
1425 1809 1540 1889 τᾶλλα,

422 1921 477 1980 ἵνα
499 1913 543 1999 μη’
567 1915 646 1978 καθ’
670 1918 807 1980 ἕκαστον
829 1914 931 1994 λέγων
953 1914 1139 2000 διατρύβω>,
1164 1911 1249 1980 ὅπου
1264 1938 1300 1993 γε
1322 1917 1378 1977 καὶ
1394 1915 1470 1980 δυσὶ
1486 1915 1541 1978 καὶ

418 2018 526 2102 τρισὶν
548 2011 640 2092 οὗτος
664 2018 768 2082 εἴδεσι
791 2019 847 2103 τῆς
869 2016 1044 2102 συντομίας
1066 2011 1239 2104 ἐχρήσατο,
1262 2018 1307 2098 τῷ
1322 2040 1358 2080 τε
1372 2011 1540 2099 ἀσονδέτῳ

419 2122 475 2184 καὶ
507 2121 552 2206 τῷ
581 2121 648 2184 κατ’
683 2118 787 2204 ὄνομα
819 2122 875 2185 καὶ
897 2123 943 2206 τῷ
963 2123 1006 2185 τὰ
1030 2121 1135 2186 πλείω
1163 2117 1384 2204 παραλιπεῖν·
1409 2115 1541 2183 διὸκαὶ

421 2221 651 2308 ἐπεσημήνατο
674 2230 746 2288 <lvo
767 2221 811 2309 μη“
834 2223 912 2287 καθ’
936 2227 1073 2288 ἕκαστον
1094 2221 1196 2304 λέγων
1218 2221 1399 2307 διατρίβειν.

376 2329 407 2390 in
430 2329 602 2390 Geometrae
630 2329 726 2391 verbis
757 2330 839 2391 locus
866 2329 1108 2391 Demosthenicus
1135 2327 1295 2408 asyndeton
1323 2325 1406 2390 κατὰ
1432 2323 1542 2408 κόμμα

377 2432 548 2494 nominatus
576 2433 705 2494 ollendit.
750 2433 800 2512 qui
824 2451 891 2493 cum
914 2433 1073 2514 asyndeton
1097 2434 1164 2494 κατ’
1188 2428 1294 2515 ὄνομα
1315 2451 1380 2494 esse
1402 2430 1540 2494 dicendus

376 2535 446 2609 sit¹‚
481 2537 652 2598 Geometrae
685 2535 772 2597 verba
802 2536 841 2598 ita
869 2539 929 2597 lere
957 2535 1116 2618 supplenda
1145 2555 1299 2598 censemus
1329 2531 1372 2608 ὥς
1398 2533 1434 2596 τὸ
1459 2530 1543 2595 κατὰ

376 2634 486 2719 κόμμα
521 2633 634 2723 (παρὰ
663 2639 877 2721 Δημοσθένει
911 2638 1097 2719 (183139)
1129 2634 1211 2700 ‹utt’
1243 2637 1360 2721 ἐπειδὴ
1393 2635 1542 2721 φανερῶς

375 2736 437 2822 ἢδη
460 2738 502 2802 τὰ
524 2740 630 2804 πλοῖα
653 2734 846 2824 ἐσεσύλητο,
872 2736 1078 2824 Χερρόνησος
1101 2738 1297 2821 dovoriam>
1318 2740 1374 2804 καὶ
1396 2740 1437 2802 τὰ
1460 2736 1540 2822 ἑξῆς.

376 2840 446 2905 ἔστι
481 2841 518 2906 dd
551 2844 606 2906 καὶ
640 2840 818 2907 ἀσύνδετον
851 2843 918 2906 κατ’
952 2841 1076 2927 ὄνομα)
1109 2838 1220 2924 ὥσπερ
1243 2843 1298 2906 καὶ
1322 2845 1541 2928 Δημοσθένης

377 2950 402 3020 (l
425 2946 500 3027 39).
545 2958 579 3010 ut
607 2949 705 3010 locum
728 2948 811 3009 llem.
834 2948 1010 3027 (183139)
1034 2950 1111 3010 inter
1134 2947 1238 3010 tradita
1259 2948 1346 3010 verba
1368 2949 1538 3010 Geometrae

376 3049 559 3112 intercidisse
593 3071 755 3126 sumamus,
788 3071 823 3113 eo
855 3052 1037 3126 adducimur,
1071 3051 1149 3131 quod
1175 3051 1251 3112 idem
1279 3051 1385 3122 11166
1410 3052 1540 3113 adfertur

376 3162 463 3233 atque
485 3153 516 3215 in
531 3153 652 3217 Cornuti
674 3156 744 3217 Arte
767 3163 796 3216 et
818 3154 897 3215 hunc
919 3163 949 3216 et
969 3154 1061 3229 illum,
1085 3155 1136 3235 qui
1152 3155 1322 3216 Geometrae
1344 3153 1439 3216 uerbis
1462 3153 1539 3234 apud

376 3257 573 3337 lloxopatrum
596 3259 717 3320 servatis
740 3257 916 3331 continetur,
938 3259 1087 3320 laudatum
1110 3277 1175 3320 esse
1196 3276 1370 3339 persuasum
1387 3257 1538 3318 habemus.

377 3379 444 3422 nam
478 3361 507 3422 in
539 3361 692 3422 Alexandri
726 3363 761 3422 de
794 3361 895 3441 figuris
927 3361 1001 3423 libro
1029 3361 1207 3442 sp111332
1236 3362 1376 3443 asyndeto
1403 3360 1461 3421 duo
1483 3359 1539 3420 loci

377 3463 458 3524 Dem.
480 3463 534 3543 (18
550 3467 567 3538 3
583 3463 623 3525 65
641 3472 670 3525 et
685 3467 703 3539 3
719 3464 773 3544 69)
795 3464 928 3545 exemplo
952 3473 1031 3538 sunt,
1059 3483 1185 3543 quorum
1208 3465 1299 3528 altero
1321 3463 1435 3542 singula
1457 3480 1539 3530 com·

379 3575 465 3640 mata,
499 3567 588 3628 altero
623 3567 735 3647 singula
769 3567 854 3628 verba
888 3567 1013 3648 demptis
1047 3568 1303 3631 coniunctionibus
1336 3573 1538 3629 conectuntur.

376 3670 571 3732 Alexandrum
599 3670 688 3749 igitur
715 3671 744 3731 in
771 3680 833 3732 arte
859 3690 912 3732 sua
938 3670 1000 3750 ipsa
1027 3690 1144 3750 quoque
1167 3672 1240 3733 duos
1263 3672 1342 3733 locos
1366 3668 1418 3745 (18
1443 3667 1538 3743 3139

377 3774 536 3848 ε1139),
559 3774 609 3853 qui
632 3773 689 3835 illis
711 3774 898 3855 respondent,
921 3773 1059 3835 adtulisse
1081 3775 1229 3854 probabile
1252 3783 1305 3836 est.
1341 3773 1417 3834 idem
1441 3779 1538 3833 autern

376 3876 459 3937 locus
481 3875 535 3956 (18
555 3876 657 3951 369),
687 3877 737 3957 qui
763 3878 793 3938 in
816 3877 970 3938 Alexandri
997 3877 1033 3938 de
1059 3878 1161 3957 liguris
1187 3878 1261 3939 libro
1285 3878 1325 3956 Sp
1345 3875 1385 3936 lll
1408 3875 1478 3943 334
1507 3882 1540 3934 ut

378 3979 509 4059 asyndeti
531 3980 698 4059 exemplum
721 3980 864 4054 laudatur,
886 3981 921 4041 ad
944 3980 1145 4042 illustrandam
1162 3976 1371 4061 accediaretur
1386 3977 1541 4039 adhibetur

379 4080 586 4160 sp1112314.
630 4083 698 4144 inde
726 4083 889 4163 colligimus
911 4083 1106 4145 Alexandrum
1129 4085 1159 4146 in
1181 4092 1243 4145 arte
1265 4102 1317 4145 sua
1339 4082 1403 4143 loco
1427 4079 1538 4158 (139)

378 4183 479 4245 codem
507 4186 595 4248 modo
624 4205 712 4248 usum
739 4205 803 4248 esse
831 4195 860 4248 et
888 4185 1022 4262 similiter
1049 4195 1135 4266 atque
1157 4186 1342 4249 Geometram
1366 4185 1538 4247 brevitatem

446 4412 454 4444 ¹
475 4410 511 4463 cf.
529 4429 591 4479 quae
609 4413 726 4466 'liberius
744 4413 777 4478 Sp
790 4412 821 4464 lll
840 4415 872 4464 tt
884 4429 909 4468 nt
928 4414 958 4464 dc
977 4415 1088 4466 divorsis
1107 4413 1223 4482 asyndeti
1241 4412 1376 4478 generibus
1394 4412 1470 4464 uicit
