3538 5212
836 415 876 426 —
923 377 1088 442 LXII-

387 555 515 637 positum
550 555 602 627 sit,
637 563 671 616 ut
704 555 856 617 occasione
889 555 954 618 data
988 555 1018 616 in
1047 554 1212 617 universam
1242 553 1402 618 doctrinam
1426 555 1547 637 logicam

386 660 539 721 rhetorum
575 657 744 737 diligentius
779 657 978 737 inquiramus,
1008 676 1117 720 munus
1139 659 1218 738 quod
1240 678 1320 721 nuuc
1342 659 1548 734 detrectamus,

386 762 417 824 in
438 763 509 825 illud
533 770 652 842 tempus
674 761 845 822 diberimus.
1042 760 1043 766 ’
1426 757 1429 760 ’

472 866 613 946 Excerpta
641 863 791 944 proximae
814 863 936 926 Cornuti
957 864 1035 926 Artis
1061 865 1166 944 partis,
1200 885 1257 945 qua
1285 865 1414 928 inventio
1442 866 1549 947 proha-

387 967 503 1029 tionum
542 967 734 1041 tractabatur,
768 966 791 1027 E
817 971 854 1042 §§
878 966 1052 1029 169-185
1086 968 1233 1046 leguntur.
1287 968 1416 1049 primum
1453 961 1549 1032 locum

390 1070 546 1133 Alexandri
573 1070 704 1133 delinitio
733 1065 839 1132 τόπου
868 1070 981 1132 obtinet
1003 1071 1035 1150 (ξ
1053 1070 1136 1151 169).
1181 1071 1283 1134 deinde
1304 1072 1410 1134 Neocle
1432 1081 1550 1135 auctore

389 1173 461 1251 quid
494 1173 601 1253 singuli
633 1174 765 1236 rhetores
792 1173 827 1234 de
854 1173 981 1254 propriis
1007 1182 1037 1235 et
1063 1174 1269 1236 communibus
1297 1177 1374 1257 topis
1397 1177 1551 1238 docuerint

389 1275 544 1355 exponitur
566 1276 698 1356 (§170).
743 1284 806 1337 tum
834 1277 896 1357 topi
923 1295 1108 1351 communes,
1136 1297 1211 1356 quos
1233 1278 1354 1341 Neocles
1375 1271 1550 1361 principales

389 1379 487 1452 duxit,
514 1389 727 1441 enumerantur
753 1386 783 1439 et
809 1377 940 1439 eiusdem
968 1379 1004 1440 de
1031 1380 1136 1441 horum
1160 1392 1296 1462 toporum
1321 1403 1376 1445 usu
1398 1370 1551 1464 praecepta

389 1481 564 1543 adferuntur
586 1487 635 1558 (§§
653 1480 840 1554 171-185).
875 1489 904 1542 ct
925 1480 1039 1544 Neoclis
1060 1483 1157 1545 verbis
1180 1485 1243 1546 eius
1266 1485 1466 1548 definitionem
1490 1483 1551 1564 topi

389 1603 404 1644 a
428 1583 558 1646 Cornuto
579 1586 771 1666 praemissam
794 1603 859 1646 esse
881 1584 1057 1660 conicimus,
1089 1595 1118 1648 et
1140 1587 1294 1650 Alexandri
1316 1597 1452 1670 toporum
1476 1606 1551 1649 enu-

390 1691 583 1752 merationem
605 1689 642 1750 ab
664 1689 855 1768 epitomatore
873 1687 1014 1750 omissam
1029 1708 1093 1750 esse
1117 1689 1239 1753 Cornuti
1254 1691 1333 1753 Artis
1356 1699 1493 1771 excerpto
1516 1689 1552 1752 ah

391 1793 583 1873 Hermogenis
607 1791 767 1862 Scholiasta
789 1792 866 1852 lacto
888 1791 1115 1854 demonstratur.
1159 1793 1195 1853 W
1210 1794 1260 1855 Vll
1280 1793 1341 1856 762
1356 1825 1395 1865 1„
1418 1793 1442 1853 V
1463 1793 1552 1861 4042

389 1896 544 1966 -40617
572 1895 649 1957 enirn
674 1895 716 1956 eis
745 1895 780 1956 de
807 1895 1023 1975 enthymemate
1051 1896 1160 1971 verbis,
1194 1916 1269 1977 quae
1302 1896 1457 1958 Alexandri
1489 1914 1553 1957 esse

390 2019 478 2080 supra
510 1999 541 2060 in
575 2000 641 2060 adu.
658 1999 734 2069 lulla
756 1997 1027 2078 comprobavimus,
1061 2001 1241 2061 enumeratio
1275 2000 1363 2062 unius
1396 2008 1425 2060 et
1451 1997 1553 2077 viginti

391 2110 526 2182 toporum
550 2102 660 2163 adnexa
681 2109 736 2164 est.
769 2119 856 2181 quam
879 2119 915 2162 ex
929 2101 1091 2164 Aristotelis
1106 2102 1191 2164 Rhet.
1207 2103 1234 2163 ll
1255 2103 1348 2183 capite
1364 2102 1404 2164 23
1426 2101 1553 2183 pendere

392 2203 564 2286 Spengelius
595 2205 653 2266 iam
681 2203 753 2265 vidit
764 2205 784 2264 ¹.
827 2204 990 2265 Alexander
1015 2215 1114 2267 autem
1141 2205 1220 2266 haud
1247 2206 1338 2266 semel
1365 2204 1551 2266 Aristotelem

391 2316 541 2369 auctorem
564 2316 683 2369 secutus
705 2307 778 2368 est².
813 2307 975 2368 Alexandro
999 2326 1067 2386 ergo
1087 2309 1162 2369 hauc
1182 2308 1434 2370 enumerationem
1455 2305 1552 2367 vindi-

392 2411 512 2472 candam
547 2428 611 2472 esse
644 2428 807 2470 censemus.
852 2411 1061 2472 accuratiorem
1094 2411 1184 2473 huius
1216 2411 1259 2472 rei
1290 2411 1488 2491 quaestionem
1524 2418 1554 2470 ct

390 2532 495 2575 novam
518 2512 675 2574 editionem
698 2512 865 2588 verborum,
888 2532 963 2593 quae
985 2514 1148 2576 Alexandro
1171 2513 1373 2589 adscribimus,
1397 2513 1432 2575 de
1455 2511 1552 2575 causis

392 2635 480 2698 supra
503 2615 605 2677 adlatis
627 2615 801 2678 differimus.

476 2719 598 2782 Cornuti
619 2718 698 2779 Artis
719 2738 804 2799 pars,
837 2739 911 2799 quae
933 2720 969 2781 dc
990 2718 1197 2800 probationum
1219 2719 1364 2781 solutione
1386 2727 1461 2792 erat,
1493 2736 1553 2779 uon

392 2824 491 2885 minus
524 2841 610 2903 quam
645 2822 719 2883 duae
752 2823 917 2903 superiores
949 2823 987 2884 ab
1014 2822 1207 2903 epitomatore
1239 2823 1388 2884 decurtata
1421 2830 1474 2882 est.
1523 2821 1553 2881 in

392 2927 527 3008 Epitoma
553 2925 632 2987 enim
666 2926 794 3006 primum
823 2925 982 3005 generatim
1010 2926 1045 2988 de
1073 2925 1218 2986 solutione
1240 2925 1446 3006 probationum
1468 2942 1555 3004 prac-

393 3030 500 3110 cipitur
522 3028 552 3108 (A
571 3027 660 3109 186),
684 3038 747 3091 tum
769 3029 975 3110 paradigmatis
998 3029 1106 3091 solutio
1129 3029 1251 3090 docetur
1274 3029 1305 3108 (A
1324 3027 1405 3103 187),
1429 3026 1555 3105 denique

394 3153 452 3212 quo
497 3132 583 3194 modo
622 3131 752 3210 singulae
784 3131 979 3193 inartificiales
1006 3131 1193 3212 probationes
1220 3133 1370 3193 solvantur
1395 3130 1556 3210 explicatur

392 3237 444 3316 (db
464 3235 652 3307 188-191).
689 3235 719 3295 iu
736 3233 858 3297 Cornuti
878 3235 948 3296 Arte
969 3234 1057 3296 etiam
1080 3235 1116 3296 de
1138 3234 1243 3297 ceteris
1265 3233 1463 3295 artificialibus
1485 3251 1555 3312 pro·

392 3339 574 3412 batiouihus,
605 3338 821 3418 enthymemate
856 3338 1062 3418 epichiremate
1104 3337 1372 3418 epenthymemate,
1411 3333 1556 3397 solvendis

393 3451 545 3524 praecepta
565 3441 630 3502 data
652 3441 743 3502 luisse
758 3460 842 3502 exeo
857 3442 1069 3517 concludimus,
1092 3441 1170 3520 quod
1185 3440 1377 3520 Hermogenis
1394 3438 1556 3501 Scholiasta

395 3553 584 3626 praeceptum
608 3544 643 3604 de
670 3543 884 3625 epichirematis
915 3546 1058 3608 solutione
1080 3544 1149 3607 inde
1171 3553 1340 3625 excerptum
1364 3543 1399 3605 W
1416 3545 1437 3606 V
1454 3541 1557 3611 39613

393 3645 529 3716 -3972
550 3647 676 3709 exhibet.

461 3837 536 3889 ¹Rd.
556 3836 657 3888 MucV
677 3838 740 3889 1847
759 3855 782 3906 p.
796 3840 859 3902 590;
878 3839 1015 3890 emanent.
1034 3841 1060 3889 in
1079 3839 1160 3890 Arest.
1172 3837 1244 3889 Atat.
1262 3855 1285 3905 p.
1299 3839 1357 3889 289.

462 3905 525 3957 ²W
543 3905 587 3960 Vll
613 3906 662 3956 762
679 3923 704 3960 11
731 3907 761 3957 ab
788 3907 948 3970 Alexandro,
975 3908 1016 3957 oni
1043 3907 1123 3957 verba
1150 3907 1183 3958 W
1202 3907 1246 3960 Vll
1274 3908 1403 3961 7627-15
1428 3922 1505 3974 supra
1532 3907 1557 3957 iu

394 3977 450 4026 adn.
468 3974 542 4028 nna
560 3975 734 4041 attribuimus,
754 3977 906 4027 Aristotelis
925 3975 1037 4026 debuitio
1056 3975 1249 4042 enthymematis
1267 3975 1351 4038 (linet
1367 3974 1451 4026 13661)
1465 3979 1488 4038 c)
1515 3977 1559 4024 od-

394 4043 487 4094 lertur:
514 4044 560 4094 καὶ
585 4039 676 4099 ἁπλῶς
702 4044 731 4106 (l.
749 4039 846 4108 derue)
871 4040 901 4095 ab
928 4040 1074 4112 ἐνθύμημα
1096 4041 1277 4112 συλλογισμὸς
1302 4037 1448 4116 ῥητορικός.
1484 4042 1559 4094 WV

394 4113 443 4162 407
456 4128 545 4178 aosqq.
571 4112 721 4163 Aristotelis
747 4116 898 4182 τεκμηρίων
923 4119 949 4162 et
975 4116 1093 4180 σημείων
1118 4113 1250 4163 distinctio
1277 4114 1422 4178 exponitur.
1461 4111 1496 4162 W
1517 4109 1560 4162 Vll

395 4181 445 4231 765
458 4196 484 4233 10
496 4179 642 4232 Alexander
660 4180 830 4234 definitionem
847 4173 957 4249 γνώμης
974 4183 1107 4232 secundum
1119 4181 1270 4232 Aristotelis
1288 4181 1458 4232 definitionem
1476 4179 1560 4240 (libet.

396 4249 463 4301 1394
485 4252 554 4311 aar)
580 4249 663 4298 linxit.
700 4249 774 4301 WV
796 4250 887 4302 40617
911 4251 1051 4301 Alexandri
1074 4251 1266 4317 enthymematis
1293 4252 1318 4301 in
1345 4265 1438 4312 genera
1465 4249 1559 4300 divisio

395 4317 480 4452 {appiana
500 4324 547 4437 ffi}
571 4333 624 4436 ‘¹1⁰5ss
637 4317 793 4369 Aristoteles
813 4317 883 4368 libet.
898 4319 1019 4373 tacebas
1036 4319 1126 4368 utitur.
1162 4316 1194 4368 el.
1211 4319 1286 4369 etiarn
1305 4317 1509 4368 commentarium
1527 4318 1558 4368 od

474 4421 481 4450 2
550 4421 557 4450 l
627 4421 633 4434 '
