3538 5212
725 409 942 470 ..41-

253 579 368 658 πάθος
398 570 434 671 ᾗ,
466 575 539 646 τότε
566 582 753 666 κινήσομεν,
784 579 863 648 ὅταν
890 583 927 647 δέ
954 584 997 666 μη“
1021 581 1052 672 ᾗ,
1077 588 1281 668 παρήσομεν·
1306 580 1416 667 ὥσπερ

252 684 378 768 γάρτό
400 682 497 764 ὀλίγα
519 685 574 747 καὶ
598 683 840 769 εδμνημόνευτα
863 689 894 749 εί
909 687 1013 752 πάλιν
1028 683 1271 772 δναμνησομεν,
1287 687 1417 767 γελοῖον

254 787 449 873 ποιήσομεν,
464 783 566 864 οὕτως
578 789 633 851 καὶ
645 789 687 852 τά
697 791 740 874 μη
754 789 869 870 ἔχοντα
881 787 996 866 πάθος
1007 789 1047 854 ἂν
1059 786 1244 855 παθαίνειν
1253 787 1418 872 πειρασό-

253 895 358 974 μεθα,
387 889 613 976 διπορήσαντες
642 894 700 957 τοῦ
726 891 877 958 τοιούτου
906 893 1032 973 γελοῖοι
1062 891 1222 976 ἐσόμεθα.
1271 894 1343 958 206.
1367 889 1418 957 ὅτι

217 995 291 1059 eet
323 995 379 1058 καὶ
413 992 433 1079 ἦ
467 992 753 1079 ἆνακεφαλαίωσις
786 997 841 1059 καὶ
873 998 916 1060 τὰ
943 996 1041 1081 πάθη
1069 995 1229 1072 πολλάκις
1259 997 1417 1072 ἐκλείπει,

253 1096 467 1181 παράδειγμά
489 1099 578 1163 ἐστιν
601 1097 619 1164 ό
644 1103 776 1164 Λυσίου
799 1099 895 1178 λόγος
918 1097 1028 1182 ὁπερὶ
1043 1102 1101 1165 τοῦ
1116 1099 1265 1165 κυνιδίου
1280 1122 1419 1183 γεγραμ-

253 1205 351 1285 μένος
375 1203 532 1284 (10153).
582 1200 656 1266 οὕτε
681 1203 743 1287 γάρ
766 1199 1057 1288 ἀνακεφαλαίωσιν
1079 1202 1144 1284 ἔχει
1168 1203 1227 1267 διά
1248 1203 1284 1266 τό
1308 1197 1420 1281 ὀλίγον

184 1317 237 1372 454
257 1309 343 1370 εἶναι
372 1307 427 1368 καὶ
456 1303 715 1391 εὐμνημόνευτον
745 1303 819 1368 οὔτε
849 1303 966 1381 πάθος
993 1306 1110 1370 διὰτὸ
1134 1307 1252 1390 μικρὸν
1274 1309 1360 1370 εἶναι
1383 1304 1419 1368 τό

256 1411 401 1494 πρᾶγμα.

204 1519 237 1572 10
339 1512 411 1574 207.
438 1508 555 1595 Ἔργον
582 1511 620 1575 δέ
649 1510 808 1590 ἐπιλόγου
831 1510 973 1577 Πλάτων
1003 1514 1063 1597 μὲν
1090 1512 1125 1577 ἐν
1156 1513 1291 1597 Φαίδρῳ
1321 1514 1422 1596 φησίν

257 1616 301 1698 (p.
318 1615 425 1697 2070)
449 1614 497 1678 «ἐν
519 1613 685 1700 κεφαλαίῳ
710 1615 930 1694 καταλέγοντα
952 1611 1145 1703 ὑπομνῆσαι
1161 1614 1424 1689 ἐπιτελευτικούς

255 1719 330 1792 τοὺς
352 1714 531 1792 ἀκούοντας
552 1719 617 1783 τῶν
639 1722 838 1805 εἰρημένων).
885 1717 992 1799 ἔχεται
1008 1719 1045 1783 δέ
1059 1721 1117 1803 τῆς
1132 1716 1231 1803 αὐτῆς
1247 1716 1344 1802 δόξης
1366 1718 1422 1781 καὶ

257 1821 472 1906 Χρύσιππος·
496 1821 552 1884 καὶ
574 1822 635 1907 γὰρ
657 1820 755 1896 αὐτὸς
776 1825 941 1907 μονομερῆ
963 1840 1046 1907 φησι
1069 1823 1126 1888 τόν
1149 1822 1316 1902 ἐπίλογον.
1350 1821 1421 1883 208.

252 1922 476 2009 Ἀριστοτέλης
505 1924 542 1988 δέ
569 1924 614 1990 ἐν’
630 1936 702 2000 ταῖς
732 1924 966 2001 Θεοδέκτικαίς
991 1931 1121 2006 τέχναις
1150 1929 1268 2011 φησίν,
1293 1925 1344 2006 (fr.
1363 1923 1423 1986 134

140 2056 143 2062 ·
206 2037 238 2091 15
258 2030 304 2092 ed.
329 2029 398 2091 Ros.
417 2029 513 2112 1880)
538 2025 590 2093 ὄτι
613 2026 644 2092 (ό
667 2025 822 2108 ἐπίλογος
848 2029 885 2093 τό
908 2030 969 2113 μέν
990 2028 1174 2116 κεφάλαιον
1196 2027 1262 2108 ἔχει
1285 2029 1423 2110 προτρέ·

256 2134 397 2217 φασδαι
420 2127 496 2205 τούς
518 2127 709 2206 ἀκούοντας,
733 2136 965 2218 προτρέψομεν
987 2133 1024 2197 δὲ
1048 2131 1190 2218 [τριχῶς]
1208 2125 1254 2205 είς
1268 2131 1309 2194 τά
1323 2127 1422 2213 πάθη

257 2231 432 2314 ἇνάγοντες
454 2235 495 2297 τὰ
517 2233 653 2298 ἑκάστου
676 2235 910 2319 προτρεπτικά.
955 2242 989 2302 ἐν
1004 2237 1064 2322 μὲν
1085 2231 1143 2300 οὖν
1158 2235 1252 2318 ἔργον
1266 2226 1423 2310 ἐπιλόγου

257 2338 293 2402 τό
322 2337 363 2400 τὰ
389 2337 488 2421 πάδη
518 2337 696 2421 διεγεῖραι,
725 2336 876 2422 δεύτερον
905 2340 980 2425 (δέ)
1011 2340 1048 2404 τό
1075 2338 1227 2402 ἐπαινεῖν
1249 2361 1267 2420 η
1291 2339 1422 2420 ψέγειν·

257 2437 381 2504 τοῦτων
402 2440 464 2524 γάρ
487 2441 523 2506 ἐν
545 2439 715 2520 ἐπιλόγοις
737 2438 758 2525 ἡ
779 2441 881 2526 χώρα·
903 2441 1012 2527 τρίτον
1034 2441 1072 2506 δὲ
1097 2442 1134 2506 τό
1162 2435 1425 2524 άναμιμνήσκειν

206 2554 240 2608 20
258 2543 299 2608 τά
327 2545 503 2629 εἰρημένα).
553 2545 625 2607 200.
647 2584 688 2593 -
711 2581 752 2590 -
775 2582 816 2592 -
844 2543 918 2609 οὔτε
946 2544 981 2609 δέ
1010 2546 1052 2609 τά
1081 2542 1323 2630 εὐμνημόνευτα
1350 2540 1425 2606 οὔτε

257 2649 299 2711 τά
311 2645 442 2733 enati}
468 2651 625 2731 κινητέον.

343 2754 414 2815 210.
442 2749 535 2816 Ἔστι
559 2751 605 2834 δὲ,
619 2747 908 2836 ἀνακεφαλαίωσις
930 2753 1063 2828 ἔκθεσις
1089 2751 1248 2836 σύντομος
1271 2772 1425 2834 προειρη-

259 2861 366 2941 μένων
393 2856 583 2942 κεφαλαίων
612 2853 631 2940 ἣ
657 2853 936 2941 ἐπιχειρημάτων,
970 2856 989 2942 ἢ
1018 2857 1054 2938 νη
1086 2859 1152 2919 Δία
1179 2856 1426 2938 προειρημένων

259 2957 452 3037 διεξοδικῶν
474 2957 581 3039 λόγων
603 2957 768 3043 ἐπιδρομή
791 2957 904 3041 ἀθρόα
926 2963 982 3045 τῆς
997 2961 1061 3025 τῶν
1076 2957 1262 3023 ἀκουόντων
1277 2953 1426 3041 ὑπομνή-

209 3073 242 3128 25
261 3081 343 3139 σεως
366 3069 483 3128 ἕνεκεν.
532 3065 606 3126 211.
628 3061 686 3145 τὴν
713 3062 750 3126 δέ
777 3059 1067 3146 ἀνακεφαλαίωσιν
1091 3058 1147 3125 οὐκ
1170 3061 1206 3126 ἐν
1227 3071 1297 3136 τοῖς
1318 3058 1426 3123 τελευ·

326 3190 408 3256 §207
428 3191 472 3242 ιο
490 3191 572 3243 irrep.
592 3191 626 3257 sp
637 3189 670 3242 111
687 3191 734 3243 ιω
749 3207 801 3244 ε..
836 3189 940 3257 perer,
958 3191 1006 3242 208
1025 3189 1068 3240 ip
1089 3189 1203 3240 υαιαι.
1216 3187 1251 3239 w
1265 3186 1297 3238 iv
1310 3187 1360 3238 ωε
1374 3199 1426 3239 3-1

331 3386 340 3433 1
361 3376 377 3453 η’
397 3383 506 3433 alterum
524 3384 583 3445 seg:
602 3385 641 3448 εἴη
658 3381 685 3445 Ρ,
709 3380 751 3430 del
769 3381 802 3446 Sp
856 3381 886 3433 13
904 3379 1102 3451 μνημονομερῆ
1118 3382 1168 3442 Seg
1221 3335 1338 3438 178111,
1362 3375 1427 3441 quod

259 3446 373 3502 ἑκάστου
390 3453 438 3500 hoe
465 3452 522 3501 loeo
545 3467 601 3502 esse
624 3459 747 3517 putamus,
773 3445 876 3514 ἑκάστῳ
889 3451 938 3513 Seg
990 3451 1022 3500 20
1045 3441 1246 3517 εὐμνημόνευτα
1269 3442 1424 3512 (ἐκθετέον)

261 3517 283 3568 lt
335 3519 367 3569 24
385 3518 521 3587 διεξοδικῷ
537 3517 626 3586 λόγων
642 3517 778 3590 ἐπιδρομῇ
798 3514 922 3586 lepte?
941 3535 979 3570 em
991 3519 1040 3584 Seg

329 3674 411 3740 8206
430 3671 445 3725 ὁ
464 3679 595 3727 Λυσίου
612 3675 666 3728 κτὲ
688 3678 790 3728 eundem
810 3677 949 3726 orationem
969 3692 999 3726 ne
1018 3675 1173 3740 prooemium
1191 3671 1289 3736 quidem
1307 3667 1426 3720 habuisse

262 3744 323 3812 822
343 3745 538 3794 demonstretur.
573 3745 589 3809 8
603 3745 651 3794 207
665 3745 815 3809 dubitamus,
833 3761 863 3795 an
877 3744 963 3808 Quint.
976 3746 1005 3794 εδ
1019 3744 1134 3794 Platonis
1147 3749 1172 3791 et
1185 3739 1321 3806 Chrysippi
1332 3737 1427 3802 placitu

262 3813 339 3878 8207
358 3813 474 3879 exposite
492 3814 655 3878 spectaverit,
674 3829 729 3863 eum
747 3815 883 3879 scripserit
896 3812 929 3863 Vl
948 3815 959 3863 1
977 3827 988 3866 ἰ
1006 3812 1034 3863 id
1049 3827 1128 3862 unum
1147 3809 1241 3877 epilogi
1255 3822 1338 3873 gertus
1349 3799 1427 3865 (ἀνα-

262 3883 451 3944 κεφαλαίωσις)
476 3884 559 3932 visum
585 3886 668 3932 est..
691 3882 845 3949 philosoplis
864 3881 926 3962 pere
952 3883 1082 3966 οιηαίδαε,
1112 3881 1155 3944 qui
1179 3876 1209 3957 de
1233 3879 1290 3926 arte
1315 3873 1428 3950 οναίοείσ

262 3948 715 4080 pretermittit-00
729 3949 1081 4083 ttttpepzpftr
1100 3941 1427 4079 {eriperet}

262 4087 294 4137 ei.
317 4085 507 4148 prolegomena.
542 4086 575 4152 88
592 4087 725 4137 210-220
743 4086 856 4137 Νεοε11ε.
892 4086 971 4152 8211
998 4085 1083 4150 Quint.
1102 4082 1137 4135 VI
1156 4084 1196 4134 le
1223 4081 1336 4131 constetit
1361 4080 1429 4159 ipter

263 4171 357 4217 omnes,
382 4157 461 4204 etiam
487 4157 513 4204 ln
539 4155 598 4206 aliie
621 4156 742 4222 partitus
768 4159 882 4217 aelionis,
908 4158 933 4204 τι·
953 4154 1087 4222 multiplea:
1109 4167 1188 4202 οοιιεα
1209 4153 1244 4199 sit
1266 4152 1292 4198 et
1313 4146 1429 4214 pluribus

262 4225 423 4290 argumentis
448 4223 563 4291 defensa,
590 4225 686 4274 utiliter
708 4221 948 4291 ἀνακεφαλαίωσιν
968 4223 1034 4288 fieri
1050 4220 1136 4272 solere.
1173 4215 1428 4282 Anax.Sp12071e

263 4291 424 4358 παλιλλογία
435 4290 467 4343 δέ
476 4293 530 4344 ἐστι
543 4291 611 4360 [μὲν]
624 4289 758 4360 σύντομος
769 4285 929 4360 ἀνάμνησις,
942 4288 986 4343 δεῖ
996 4291 1019 4341 δ’
1031 4288 1100 4360 αὐτῇ
1108 4288 1233 4360 χρῆσθαι
1245 4288 1290 4335 καὶ
1301 4286 1364 4354 περὶ
1375 4281 1430 4362 τοῖν

263 4361 354 4428 μερῶν
371 4363 416 4411 καὶ
434 4363 498 4431 περὶ
515 4363 568 4414 τῶν
585 4357 654 4412 ὅλων
669 4357 758 4428 λόγων
769 4356 817 4416 τὰς
829 4353 956 4417 τελευτάς.
993 4357 1024 4410 ci.
1038 4359 1145 4422 Longir.
1159 4355 1211 4422 Spl
1225 4355 1322 4416 301ιο;
1341 4360 1428 4420 Apsrr.

264 4427 966 4496 Sp138430=W1V42620‚v111225538c1101.
987 4429 1053 4478 ilem.
1074 4444 1096 4493 p.
1110 4427 1158 4477 768
1173 4442 1193 4480 ο.
