3538 5212
804 395 844 402 —-
891 357 1024 423 LXVIII
1071 395 1110 402 -

463 535 701 616 Harpocrationis
717 537 752 596 de
768 505 931 597 elocrltione
946 539 1109 616 praecepta,
1133 552 1258 615 quorum
1275 544 1388 616 partem
1406 535 1541 616 Epitome

376 645 412 717 ἕξ
430 641 620 713 138-142,
642 649 753 720 partem
779 642 816 714 ἐξ
832 638 1008 700 244-252
1031 639 1158 712 exhibet,
1181 638 1258 718 apud
1282 637 1445 700 Cornutum
1470 657 1540 700 eon-

377 745 476 806 iuncta
499 743 590 805 fuisse
614 763 702 824 supra
732 743 1007 804 demonstravimus.
1055 761 1128 822 quae
1161 743 1336 822 epitomator
1362 742 1393 802 in
1420 741 1542 821 singulis

376 847 543 920 mutaverit,
566 847 654 908 statui
677 845 788 925 nequit,
812 865 878 906 cum
903 846 1001 907 nullus
1025 845 1098 906 alius
1122 845 1222 906 rhetor
1238 845 1337 906 eadem
1354 845 1541 926 excerpserit.

376 951 506 1032 Dionysii
537 951 663 1029 denique
690 959 842 1030 praecepta
871 949 907 1011 ab
934 951 1127 1030 epitomatore
1154 967 1214 1009 non
1238 949 1365 1010 breviata
1388 968 1452 1010 esse
1475 968 1543 1030 per-

376 1073 496 1116 suasum
517 1054 670 1125 hahemus
693 1073 760 1116 nam
783 1073 885 1115 omnes
907 1053 963 1114 loci
978 1039 1091 1127 eorum,
1114 1051 1165 1132 qui
1180 1071 1247 1114 curn
1265 1052 1398 1132 genuinis
1413 1052 1543 1134 Dionysii

378 1157 474 1239 verbis
496 1157 671 1238 discrepant,
694 1155 880 1219 librariorum
903 1156 1015 1218 incuria
1038 1155 1169 1236 corrupti
1192 1175 1256 1218 esse
1278 1156 1423 1218 videntur.

642 1492 702 1569 DE
729 1493 938 1570 connum
964 1493 1278 1572 AUCTORIBUS.

464 1636 498 1695 ln
520 1632 690 1714 quaestione
713 1633 748 1694 de
764 1633 887 1696 Cornuti
902 1633 980 1695 Artis
1003 1633 1170 1696 auctoribus
1190 1634 1370 1696 instituenda
1386 1634 1544 1715 scriptores

379 1736 553 1818 antiquioris
576 1736 688 1807 aetatis
710 1756 836 1816 quorum
860 1757 876 1798 e
898 1737 980 1798 libris
1002 1757 1096 1798 unum
1120 1737 1214 1798 duove
1233 1745 1386 1818 praecepta
1401 1737 1543 1799 rhetorica

378 1841 500 1920 repetita
529 1848 611 1909 sunt,
647 1849 679 1900 ut
706 1839 872 1914 Platonem,
905 1842 1109 1913 Aristotelem,
1144 1841 1306 1914 Zenonem,
1340 1841 1544 1922 Chrysippum,

378 1941 549 2022 Dionysium
574 1941 887 2017 Halicar·nassensem¹,
911 1963 970 2005 non
993 1963 1141 2006 curamus.
1185 1946 1216 2006 in
1239 1963 1289 2005 eos
1312 1944 1445 2005 rhetores
1468 1945 1545 2005 solos

378 2044 548 2122 inquisituri
581 2064 698 2114 sunaus,
733 2066 859 2124 quorum
893 2067 928 2109 er
961 2048 1072 2108 artibus
1100 2047 1248 2108 Cornutus
1283 2047 1389 2108 multas
1419 2047 1544 2108 maiores

381 2156 479 2227 partes
503 2149 666 2228 descripsit,
689 2149 958 2229 Harpocrationem,
982 2151 1188 2224 Alexandrum,
1211 2151 1357 2214 Neoclem.

464 2249 722 2330 Harpocrationem
762 2255 888 2315 eundem
922 2255 1070 2315 rhetorem
1105 2273 1169 2316 esse
1204 2253 1425 2326 contendimus,
1463 2253 1546 2315 cuius

381 2352 552 2413 scholiastae
575 2354 766 2433 Hermogenis
790 2358 825 2417 de
848 2357 972 2418 statibus
995 2358 1061 2420 libri
1084 2359 1199 2438 saepius
1223 2356 1403 2420 mentionem
1427 2357 1546 2418 faciunt.

381 2475 396 2516 e
412 2456 612 2535 compluribus
627 2458 697 2518 locis
715 2459 898 2520 Scholiorum
915 2461 965 2540 (cf.
981 2461 1046 2522 adn.
1062 2461 1139 2522 XXV
1153 2467 1178 2539 a)
1194 2461 1273 2521 hunc
1288 2459 1546 2540 Harpocrationem

380 2559 557 2638 Hermogeni
579 2561 763 2622 adversatum
787 2580 860 2634 esse,
883 2565 932 2624 sed
957 2583 1023 2625 eum
1047 2564 1292 2648 ante‘Cornutum
1316 2563 1406 2624 fuisse
1429 2583 1464 2624 ex
1487 2582 1546 2624 uno

381 2663 494 2742 Syriani
526 2663 589 2724 loco
621 2664 671 2743 (W
686 2665 722 2726 lV
739 2663 800 2726 298
817 2667 854 2744 22)
887 2668 1098 2728 conclusimus.
1143 2666 1402 2747 Harpocrationem
1437 2676 1545 2739 autem,

380 2767 463 2827 cuius
487 2769 647 2846 fragmenta
665 2768 732 2830 Arte
755 2788 771 2829 a
794 2769 878 2831 nobis
901 2772 1035 2832 restituta
1058 2771 1293 2841 continebantur,
1316 2770 1420 2831 Neocle
1436 2779 1465 2831 et
1480 2771 1547 2830 Ale-

379 2870 490 2931 xandro
512 2879 605 2932 aetate
627 2871 794 2932 inferiorem
819 2873 910 2934 fuisse
925 2893 959 2935 eo
976 2875 1175 2948 confirmatur,
1198 2875 1276 2954 quod
1292 2873 1340 2935 ille
1355 2875 1390 2934 de
1405 2875 1547 2954 epenthy-

380 2981 507 3034 memate
534 2974 621 3035 verba
650 2974 719 3035 fecit
745 2975 1309 3058 (WV41011-4111ultt250t
1364 2996 1431 3039 cum
1467 2977 1546 3038 enim

380 3075 479 3136 nullus
513 3077 613 3138 rhetor
645 3086 713 3138 ante
745 3077 959 3158 Hermogenem
994 3081 1048 3161 (Sp
1069 3081 1096 3142 11
1117 3079 1192 3158 220)
1225 3090 1255 3142 et
1289 3079 1547 3159 Harpocrationem

448 3284 457 3317 ¹
475 3286 541 3337 Num
553 3289 678 3339 Cornutus
697 3289 743 3339 hos
762 3290 903 3355 scriptores
916 3305 1000 3340 omnes
1013 3291 1067 3356 ipsa
1081 3289 1183 3354 adierit,
1202 3289 1277 3340 valde
1290 3288 1441 3340 dubitamus.
1477 3304 1548 3356 quem

379 3351 535 3406 Aristotelis
562 3363 587 3404 et
614 3355 742 3407 Theodori
769 3359 799 3406 de
826 3359 981 3408 narrationis
1009 3359 1148 3408 virtutibus
1173 3357 1250 3409 verba
1278 3358 1309 3419 (Z
1328 3356 1431 3422 §510a
1452 3357 1511 3422 103)
1534 3373 1548 3406 e

379 3419 482 3470 Neoclis
510 3431 565 3473 urta
594 3427 728 3490 sumpsisse
755 3434 851 3476 eertum
879 3434 919 3478 est
946 3435 972 3478 et
994 3427 1075 3478 eidem
1099 3427 1210 3477 Zenonis
1234 3427 1295 3476 lines
1317 3427 1500 3492 paradigmatis
1523 3433 1549 3476 et

380 3491 536 3542 narrationis
564 3493 651 3544 deberi
678 3495 735 3545 veri
763 3495 846 3545 simile
872 3504 919 3547 est.
954 3495 1064 3547 Neocles
1088 3496 1161 3556 enim,
1189 3495 1231 3561 qui
1254 3496 1294 3556 (ut
1312 3496 1401 3544 Cicero
1424 3495 1454 3543 de
1472 3493 1549 3544 Iuv.l

379 3556 446 3621 §49
468 3555 499 3607 el.
518 3561 574 3610 adn.
589 3560 637 3610 LX
650 3565 673 3624 a)
700 3564 868 3628 comparabile
895 3572 950 3616 tres
977 3566 1069 3614 habero
1097 3565 1193 3629 species
1221 3564 1320 3628 docuit,
1348 3563 1447 3613 nomine
1474 3578 1549 3628 para·

380 3627 497 3690 digmatis
521 3635 547 3678 et
568 3631 725 3690 generaliter
748 3647 809 3680 usus
834 3640 872 3682 est
894 3634 919 3682 in
943 3633 1010 3682 omui
1033 3631 1154 3683 similium
1177 3632 1336 3698 adpositione
1361 3631 1393 3692 (Z
1411 3631 1427 3696 ἓ
1443 3633 1501 3694 154)
1523 3638 1549 3680 et

380 3696 526 3759 specialiter
544 3699 570 3747 iu
589 3700 636 3760 eis,
655 3714 717 3763 quae
737 3714 821 3749 rerum
839 3708 966 3763 gestarum
984 3703 1137 3751 auctoritate
1151 3701 1265 3750 nituntur
1278 3698 1320 3760 (cf.
1335 3698 1420 3764 Quint.
1434 3699 1456 3750 V
1471 3703 1498 3750 11
1516 3703 1547 3762 a).

379 3769 409 3812 ut
431 3769 520 3827 autem,
545 3766 604 3830 quid
627 3775 695 3817 esset
717 3769 870 3832 paradigma,
893 3770 916 3818 si
935 3785 1022 3818 nomen
1042 3770 1190 3833 specialiter
1208 3775 1383 3834 usurparetur,
1403 3777 1549 3832 exponeret,

380 3829 491 3882 Zenonis
511 3833 582 3882 finem
600 3836 717 3884 adhibuit
734 3835 781 3896 (W
793 3837 812 3886 V
827 3837 875 3886 396
891 3853 947 3888 n=
959 3837 980 3886 H
994 3836 1009 3900 ξ
1025 3839 1083 3901 156)
1102 3846 1128 3888 et
1145 3839 1279 3888 secuudum
1297 3838 1362 3886 hunc
1378 3851 1447 3886 suam
1460 3853 1549 3905 παρα-

378 3899 459 3963 βολῆς
476 3901 647 3952 definitionem
666 3904 739 3954 finxit
757 3904 838 3964 (WV
858 3905 906 3954 395
919 3908 964 3967 aa).
1001 3907 1058 3956 inde
1077 3907 1221 3970 colligimus
1239 3905 1349 3956 Zenonis
1367 3904 1441 3954 finem
1461 3919 1549 3954 narra-

379 3968 457 4017 tionis
476 3969 507 4029 (Ε
526 3969 608 4034 §48),
631 3973 673 4037 qui
691 3971 794 4022 Neoclis
813 3973 900 4023 verbm
919 3976 1092 4037 continuatur,
1112 3975 1193 4040 ipsum
1211 3987 1307 4040 quoque
1327 3989 1340 4022 a
1358 3972 1461 4024 NeocHs
1481 3973 1548 4022 libro

379 4035 404 4084 in
422 4037 528 4087 Cornuti
552 4040 638 4090 Artem
660 4042 856 4106 transscriptum
879 4057 943 4092 esse.
979 4043 1002 4092 si
1025 4043 1105 4106 igitur
1127 4044 1184 4094 iure
1207 4041 1327 4093 Neoclem
1352 4042 1462 4091 Cornuto
1486 4043 1548 4090 duos

379 4103 488 4156 Zenonis
506 4106 568 4156 fines
587 4109 762 4174 suppeditasse
780 4111 908 4173 sumimus,
927 4126 1012 4162 eorum
1031 4118 1160 4163 auctorem
1180 4111 1306 4162 Zenonem
1326 4109 1463 4161 Citiensem
1483 4125 1547 4174 esse,

380 4172 405 4221 id
433 4176 497 4239 quod
525 4175 661 4228 Strlllerus
687 4177 724 4226 De
748 4175 892 4229 Stoa'corum
917 4180 986 4230 stud.
1008 4180 1070 4230 rtet.
1094 4179 1175 4230 Bresl.
1198 4180 1264 4230 Phil.
1282 4177 1372 4228 Atat
1390 4180 1403 4226 2
1423 4179 1474 4244 pt
1503 4195 1547 4244 pro

380 4249 451 4290 certo
470 4241 597 4295 affirmare
616 4246 716 4297 ueritus
735 4254 783 4308 est,
802 4247 880 4296 multo
900 4249 1058 4313 probabilius
1077 4248 1113 4298 fit.
1149 4264 1204 4298 nam
1222 4247 1342 4300 Neoclem
1360 4263 1435 4312 saepe
1454 4248 1549 4297 doctri·

380 4323 435 4428 pqqr
457 4310 604 4432 2S2tpico2rpgrn
632 4322 745 4365 secutum
772 4316 988 4381 deprehendimus.
1025 4315 1057 4368 el.
1080 4317 1285 4368 comanentarinm
1310 4316 1340 4366 ad
1358 4314 1391 4381 ἐξ
1411 4316 1467 4379 149,
1492 4315 1548 4382 173,
