3536 5208
852 393 1083 458 ..Ly-

390 570 543 651 incipiunt.
589 571 695 651 quibus
721 590 737 632 a
761 571 890 632 Cornuto
913 570 1028 633 Neoclis
1056 571 1092 631 de
1118 570 1318 651 propositione
1346 579 1375 632 et
1401 572 1436 632 de
1459 571 1550 652 tropis

390 676 534 747 πίστεως
555 674 641 735 verba
663 673 712 753 (ἐξ
730 674 919 748 tec-168)
943 673 1110 736 continuata
1132 693 1196 736 esse
1218 693 1271 755 pro
1294 685 1374 738 certo
1397 676 1548 737 babemus.

388 797 457 838 nam
485 777 712 858 propositionis,
741 796 815 856 quae
843 797 859 838 a
881 777 985 839 Neocle
1007 777 1030 838 l:
1051 777 1135 849 301,
1158 771 1359 850 ἀποδείξεως
1380 769 1465 860 α’ρχή
1487 798 1551 840 esse

389 881 511 953 dicitur,
533 881 589 942 sub
610 880 726 941 initium
749 880 828 942 tertii
851 880 885 940 de
908 879 1075 942 inventione
1098 880 1170 941 tomi
1193 881 1371 943 mentionem
1394 881 1457 941 lieri
1480 901 1551 942 con-

389 992 560 1045 sentaneum
585 992 655 1045 erat.
699 984 783 1045 locus
803 991 911 1056 autem,
942 1003 1030 1063 quem
1052 983 1099 1044 illa
1121 983 1208 1046 verba
1229 983 1260 1044 in
1283 983 1417 1065 Epitoma
1440 993 1550 1058 tenent,

389 1086 512 1148 minime
545 1086 587 1148 eis
621 1085 765 1149 convenit.
811 1105 878 1146 cum
908 1086 987 1148 enim
1015 1088 1077 1167 ipsa
1104 1105 1167 1148 eam
1196 1089 1330 1159 πίστιν,
1363 1107 1437 1168 qnae
1466 1089 1551 1150 tertia

388 1207 455 1270 pars
478 1189 616 1251 orationis
639 1197 684 1251 est
706 1198 735 1250 et
758 1189 781 1249 Ε
803 1188 843 1249 27
862 1222 874 1260 9
895 1208 958 1269 sqq.
982 1189 1133 1262 delinitur,
1166 1189 1186 1249 i.
1210 1209 1234 1250 e.
1257 1190 1550 1269 argumentationem,

389 1300 535 1372 spectent,
561 1293 592 1354 in
614 1292 763 1373 Epitomes
785 1291 932 1373 partibus,
956 1292 1033 1353 inter
1054 1309 1127 1372 quas
1149 1293 1300 1371 leguntur,
1330 1295 1461 1368 π1στεις
1483 1295 1502 1354 1.
1525 1315 1550 1355 e.

388 1395 550 1474 singulares
573 1393 760 1476 probationes
784 1397 832 1471 (of.
855 1394 955 1468 Quint.
971 1397 994 1456 V
1012 1395 1050 1456 10
1067 1395 1092 1470 ⁸)
1115 1403 1286 1457 tractantur.
1329 1397 1457 1477 primum
1482 1417 1551 1478 pro·
1591 1441 1594 1446 -

387 1498 537 1559 batianum
566 1505 670 1559 natura
697 1500 749 1572 116
767 1497 969 1578 145-157),
1003 1499 1107 1560 deinde
1134 1498 1264 1560 inventio
1287 1502 1335 1576 (16
1353 1501 1552 1578 169-185),

388 1611 452 1663 tum
483 1600 589 1663 solutio
618 1599 670 1679 (§§
688 1599 916 1678 186-191)¹‚
950 1602 1076 1682 denique
1103 1601 1273 1663 oeconomia
1295 1603 1344 1682 (ξς
1363 1603 1551 1680 tea-194)

388 1703 517 1765 docetur.
563 1703 640 1765 idern
664 1703 735 1764 crdo
757 1703 895 1783 partium,
918 1706 968 1785 qui
990 1707 1031 1768 rei
1054 1715 1139 1787 aptus
1161 1715 1191 1766 et
1212 1706 1416 1768 accomodatus
1440 1715 1493 1781 est,
1520 1707 1551 1768 in

389 1806 510 1868 Cornuti
530 1808 599 1868 Arte
620 1806 711 1868 fuisse
732 1805 856 1867 videtur.
900 1807 1029 1887 primum
1052 1809 1141 1888 igitur
1163 1827 1352 1888 quaeramus,
1380 1809 1552 1890 Epitomene

388 1929 430 1984 ea,
455 1929 529 1990 quae
544 1910 692 1972 Cornutus
715 1910 750 1970 de
766 1920 869 1972 natura
884 1911 1090 1991 probationum
1108 1911 1273 1992 scripserat,
1296 1911 1407 1992 integra
1422 1915 1552 1975 servarit.

475 2013 508 2075 lu
530 2013 680 2094 Epitomes
702 2016 739 2087 §d
758 2014 831 2086 145,
858 2014 917 2076 146
940 2014 1093 2076 Alexandri
1117 2015 1152 2076 de
1175 2014 1337 2076 differentia
1359 2015 1551 2077 artificialium

388 2125 418 2178 et
444 2115 669 2176 inartificialium
701 2115 788 2177 verba
816 2117 989 2179 adseruntur
1015 2127 1045 2179 et
1068 2121 1105 2193 ἐξ
1124 2118 1297 2179 147-153
1320 2118 1434 2180 Neoclis
1457 2121 1552 2195 verba,

388 2219 494 2299 quibus
518 2219 588 2298 quid
611 2218 671 2280 sint
693 2219 856 2282 artificiales
879 2221 1076 2302 probationes,
1099 2221 1169 2301 quid
1192 2221 1231 2282 sit
1252 2221 1395 2302 pathetica
1411 2223 1552 2302 probatio,

388 2321 536 2402 quomodo
557 2322 734 2401 pragmatica
756 2325 890 2404 probatio
912 2326 970 2396 fiat,
993 2324 1063 2403 quid
1085 2324 1164 2384 inter
1186 2320 1284 2399 εἰκός,
1308 2334 1458 2408 σημεῖον,
1481 2345 1553 2387 oex-

388 2421 508 2508 μήριον
530 2424 643 2487 differat
665 2425 761 2487 fusius
784 2428 946 2509 exponitur.
992 2427 1115 2488 Cornuti
1129 2427 1207 2488 Artis
1231 2428 1266 2489 de
1288 2429 1334 2491 his
1357 2429 1445 2490 rebus
1467 2429 1553 2491 verba

387 2528 435 2589 vix
462 2528 594 2590 uberiora
620 2529 750 2603 luerunt,
782 2529 833 2590 sed
861 2531 982 2592 eandem
1012 2531 1046 2591 de
1068 2529 1265 2610 paradigmate
1287 2541 1317 2593 et
1338 2532 1553 2612 enthymemate

389 2632 481 2694 multo
503 2633 587 2712 plura
610 2633 776 2694 exhibuisse
798 2653 886 2712 quam
913 2635 1066 2714 Epitomen
1094 2636 1130 2708 §A
1148 2633 1314 2708 thel-7159
1337 2635 1459 2696 Cornuti
1474 2637 1552 2698 Artis

387 2744 521 2815 excerpta
551 2755 566 2797 a
588 2737 747 2798 vetustiore
770 2735 962 2820 Hermogenis
985 2739 1021 2806 de
1042 2735 1102 2796 lnv.
1126 2735 1268 2798 librorum
1293 2738 1453 2800 Scholiasta
1475 2741 1551 2801 facta

387 2840 556 2900 ostendunt.
600 2859 725 2918 quorum
749 2839 779 2900 in
801 2858 926 2900 numero
949 2847 1032 2900 sunt:

387 2941 423 3002 W
439 2942 489 3002 Vll
505 2942 575 3014 752,
600 2943 700 3004 11395
716 2975 741 3013 21
758 2962 821 3022 sqq.
844 2942 958 3004 Neoclis
982 2943 1018 3003 de
1040 2941 1245 3024 paradigmatis
1262 2942 1413 3022 speciebus
1428 2944 1551 3019 verba²;

388 3044 424 3105 W
439 3045 488 3106 Vll
505 3045 566 3107 762
581 3044 613 3118 ⁷⁸
634 3046 791 3106 Alexandri
819 3045 1044 3126 enthymematis
1067 3045 1211 3118 delinitio,
1240 3065 1329 3124 quam
1350 3065 1384 3107 eo
1408 3047 1499 3126 magis
1521 3047 1551 3108 in

432 3148 565 3229 Epitoma
593 3147 801 3223 desideramus,
836 3151 912 3229 quod
936 3147 1097 3210 Alexander
1123 3148 1289 3228 paradigma
1315 3158 1344 3210 et
1366 3151 1551 3230 enthymema

430 3251 600 3333 principalia
628 3271 733 3332 genera
764 3250 956 3314 artificialium
984 3252 1189 3332 probationum
1217 3252 1384 3314 nominasse
1411 3254 1552 3328 traditur3

388 3449 474 3498 eodem
493 3449 614 3516 scriptam
632 3463 688 3500 esse
706 3455 783 3514 patet.
820 3449 1081 3515 nequeuntemverba
1095 3447 1115 3497 ll
1129 3446 1198 3499 2712
1217 3449 1335 3498 καλεῖται
1353 3446 1383 3499 δὲ
1401 3445 1417 3514 ἡ
1434 3453 1552 3522 προτέρα

387 3513 438 3568 ὑπ’
460 3516 540 3569 ἐνίων
564 3518 610 3568 καὶ
632 3511 770 3576 ἀπόδειξις
793 3517 839 3567 elii
862 3518 912 3568 nisi
933 3518 1031 3568 auctori
1049 3517 1120 3566 Artis
1143 3515 1271 3580 adsignari
1292 3525 1405 3582 possunt.
1441 3534 1504 3584 quae
1522 3535 1551 3569 eo

388 3585 496 3636 consilio
515 3587 611 3650 scripta
630 3593 698 3648 sunt,
723 3601 753 3636 ne
772 3585 883 3636 lectores
904 3587 1065 3649 mirarentur,
1084 3585 1148 3650 quod
1166 3581 1235 3664 inira
1252 3599 1333 3651 saepe,
1359 3592 1387 3634 ut
1405 3586 1430 3635 in
1449 3587 1551 3638 Neoclis

387 3668 477 3772 16ῗῖ
479 3653 919 3784 ttt.lt,¹.⁶ht⁷⁷.’.tbttttt
927 3651 1551 3779 lttdtit⁹..⁹httttttt‘ttttttt‘t‘t:

387 3790 675 3909 posmlssbtlebrlbnibilbb
693 3859 918 3921 argumentationis
936 3858 1079 3908 elocutione
1097 3863 1257 3923 praeceptum
1274 3855 1317 3922 (ἕξ
1330 3857 1385 3922 196,
1407 3859 1465 3922 197)
1483 3861 1551 3910 notis

388 3927 418 3977 de
437 3929 521 3978 causis
539 3928 608 3978 inter
626 3935 746 3992 excerpta
764 3927 839 3978 tertii
857 3928 887 3976 de
905 3927 1052 3976 inventione
1071 3928 1133 3976 tomi
1151 3943 1200 3976 non
1218 3940 1383 3976 numeramus.

456 3994 590 4046 2llasdem
615 4003 669 4046 tres
693 3996 790 4061 specics
815 3994 1004 4061 paradigmatis,
1023 4010 1084 4060 quas
1105 3993 1215 4046 Neocles
1238 3995 1379 4058 distinguit,
1407 3995 1496 4046 Cicero
1522 3998 1551 4047 de

386 4061 440 4112 hv·
453 4063 468 4164 1³
480 4063 717 4182 bibnbiblbbbbatll'
733 4130 777 4183 VII
796 4131 844 4182 762
858 4144 932 4193 8-10,
956 4145 1028 4197 quem
1050 4147 1126 4196 supra
1149 4131 1332 4198 explicavimus
1351 4132 1376 4182 in
1395 4133 1452 4182 eda.
1469 4131 1517 4182 ΧΠ
1531 4149 1551 4199 1,

388 4200 528 4251 Alexandri
550 4213 607 4250 csse
631 4199 708 4250 verba
727 4197 760 4249 W
781 4200 800 4250 V
818 4200 868 4250 466
881 4214 963 4264 avsqq.
983 4201 1126 4261 ostendunt,
1149 4216 1211 4265 quae
1233 4201 1263 4250 ad
1288 4200 1358 4249 illam
1380 4201 1551 4251 definitionem

389 4269 536 4334 respiciunt.
567 4269 673 4319 eundern
687 4269 771 4328 verba,
791 4283 852 4334 quae
865 4267 1035 4316 definitionem
1048 4275 1186 4332 sequnntur
1200 4267 1234 4318 W
1248 4267 1291 4317 Vll
1304 4268 1351 4318 762
1364 4285 1451 4331 ru-re,
1471 4271 1551 4336 scrip-

389 4338 462 4399 sisse,
486 4337 571 4387 verbis
594 4337 624 4385 de
647 4336 789 4386 differentia
812 4336 957 4402 syllogismi
981 4343 1007 4386 et
1029 4338 1222 4403 enthymematis
1246 4335 1320 4386 lactis
1341 4336 1372 4386 W
1393 4335 1551 4400 71176313,

388 4405 409 4457 V
427 4405 568 4458 40314-22
585 4406 697 4470 adparet.
