3538 5212
714 392 908 454 ..9-

160 553 165 569 ’
228 564 368 629 είδέναν
396 565 431 629 ἐν
452 565 514 648 γάρ
537 567 575 656 τή
593 563 778 652 Ἐπικλήρῳ
806 565 1031 651 δικαζομένων
1056 568 1115 632 τοῦ
1145 571 1175 632 τ’
1199 564 1320 653 ἀνδρὸς
1342 568 1396 635 καὶ

226 671 283 753 τής
304 669 458 748 γυναικὸς
480 669 535 732 καὶ
557 671 616 733 ’τού
639 669 780 735 παιδίου
803 668 992 745 δικάζοντος
1014 666 1072 735 οὐκ
1095 670 1216 756 ἔθηκεν
1237 667 1395 759 οὐδετέρῳ

228 775 409 854 προοίμιον
424 771 482 834 διδ
497 771 533 836 ιδ
549 772 608 857 τήν
629 771 762 838 εὔνοιαν
777 772 1006 857 προϋπάρχειν
1021 778 1045 854 †
1059 777 1118 840 τού
1134 772 1252 858 ἀνδρὸς
1273 773 1396 859 ὁμοίως

229 873 266 938 δέ
294 872 354 938 κάν
382 873 464 956 πρὸς
491 871 550 960 τήν
575 887 717 954 γυναῖκα
746 877 817 942 ίδία
845 875 1073 963 διαλεγόμεθα
1100 883 1135 958 †.
1191 877 1252 944 κάν
1284 877 1397 958 ὀλίγον

193 985 209 1040 5
229 975 350 1060 ἔχωμεν
373 973 473 1062 ὕδωρ,
498 980 752 1065 παραλείψομεν
774 982 810 1045 τὸ
833 985 1022 1064 προοίμιον.
1061 981 1166 1046 ἐνίοτε
1182 981 1219 1046 δὲ
1235 983 1289 1046 καὶ
1313 981 1397 1065 πρδς

228 1080 304 1144 λίαν
326 1077 706 1165 ἀντιπαρατεταγμένους
727 1083 785 1165 τήν
807 1083 1018 1168 παρασκευήν
1044 1085 1242 1168 ποιούμενοι
1270 1085 1397 1169 μᾶλλον

232 1181 310 1269 (ἀν)
341 1183 550 1268 έρεθίζοιμεν
577 1182 694 1260 αύτούς
720 1187 774 1248 καί
799 1186 970 1271 λυποῖμεν.
1022 1190 1071 1252 35.
1101 1187 1183 1270 πρὸς
1206 1187 1243 1251 δὲ
1265 1189 1301 1254 τὸ
1326 1191 1397 1264 πύς

231 1285 309 1373 (ἀν)
345 1285 425 1371 ήμῖν
455 1283 474 1370 ή
502 1283 656 1371 διήγησις
687 1287 917 1375 παραδεχθείη
945 1289 989 1376 μή
1019 1297 1396 1376 προπαρεσκευασμένου

227 1393 287 1456 τού
308 1389 470 1472 ἀκροατοῦ
492 1393 537 1476 τῷ
560 1396 727 1478 προοιμίῳ
743 1392 828 1476 πρὸς
843 1393 901 1477 τήν
916 1390 1029 1478 ἀκοήν,
1054 1393 1160 1458 έκεῖνο
1177 1396 1314 1480 ἐροῦμεν
1330 1393 1394 1473 ὅτι,

178 1502 210 1556 10
229 1492 308 1559 ὅταν
334 1494 392 1576 μέν
419 1491 573 1577 οἰώμεθα
599 1493 642 1579 μή
673 1494 1003 1580 παραδεχθήσεσθαι
1025 1494 1117 1581 ήμῶν
1143 1497 1201 1582 τήν
1228 1493 1395 1583 διήγησιν,

228 1597 302 1662 τότε
317 1595 628 1681 προοιμιασάμεθα,
653 1593 732 1662 ὅταν
754 1598 791 1662 δέ
815 1595 1056 1685 εύπαράδεκτος
1072 1597 1108 1689 ᾖ,
1133 1598 1207 1666 τότε
1223 1599 1280 1667 οὐκ
1296 1599 1396 1681 ἀναγ-

229 1712 324 1765 καῖον
347 1697 644 1785 προοιμιάζεσθαι.

158 1803 210 1858 433
358 1806 408 1867 36.
444 1811 508 1866 Δεῖ
534 1801 572 1867 δὲ
598 1803 902 1889 προοιμιαζόμενον
929 1801 996 1868 ἀπὸ
1030 1805 1091 1888 μὲν
1117 1808 1175 1870 τοῦ
1207 1807 1396 1891 πράγματος

270 1916 384 1970 ποιεῖν
406 1905 524 1990 νόημα,
548 1905 591 1991 μή
614 1911 727 1991 μέντοι
751 1905 771 1992 ἢ
793 1902 874 1972 αύτδ
896 1908 932 1970 τὸ
955 1909 1093 1992 πρᾶγμα
1115 1909 1274 1984 διεξιέναι
1298 1909 1317 1995 ή
1339 1909 1397 1984 τάς

177 2020 209 2072 15
273 2011 319 2084 εἷς
334 2008 370 2074 τὸ
388 2011 525 2094 πρᾶγμα
540 2011 742 2086 κατασκευὰς
764 2008 968 2077 ἀναλίσκειν·
990 2009 1026 2074 τὸ
1049 2011 1185 2098 μὲνγὰρ
1201 2013 1396 2098 διηγηματι·

272 2111 342 2188 κόν,
370 2113 407 2176 τὸ
436 2111 473 2175 δὲ
503 2111 729 2197 κεῳαλαιύδες
759 2115 815 2177 καὶ
849 2113 1149 2198 ἕπιχειρηματικύν.
1205 2116 1256 2180 δεῖ
1287 2121 1398 2180 τοίνυν

272 2219 557 2298 συνεστραμμένον
585 2219 670 2282 εἶναι
700 2217 736 2282 τύ
765 2222 945 2301 προοίμιον
973 2217 1028 2280 καὶ
1055 2219 1285 2302 σπερματικύς
1311 2217 1398 2298 ε”χειν

271 2314 313 2378 τὰ
335 2315 514 2402 πράγματα
536 2320 592 2382 καὶ
614 2317 833 2404 ἀπηλλάχθαι
856 2318 965 2405 πάσης
988 2318 1206 2407 ἀγωνιστικῆς
1228 2319 1397 2406 ἐπιχειρή-

315 2627 365 2690 37.
402 2629 498 2703 Τινὲς
520 2629 557 2692 δὲ
580 2628 637 2692 έπὶ
659 2630 715 2713 τής
737 2627 835 2713 αὐτῆς
857 2625 1053 2706 ὑποθέσεως
1076 2629 1206 2716 ἔφασαν
1225 2632 1396 2697 δύνασθαι

231 2730 316 2792 εἶναι
346 2731 401 2792 καὶ
430 2729 539 2795 πολλὰ
565 2736 729 2816 προοίμια
755 2735 811 2796 καὶ
840 2737 885 2810 έν,
920 2737 983 2798 τῶν
1013 2737 1074 2818 μὲν
1100 2733 1303 2819 ύπολήψεων
1333 2737 1398 2800 τῶν

230 2828 337 2896 αύτῶν
359 2831 477 2911 οὐσῶν,
500 2845 574 2910 ταῖς
596 2834 633 2898 δέ
655 2847 870 2910 κατασκευαῖς
896 2841 1182 2924 θεραπευομένων.
1232 2837 1306 2902 ἐπεὶ
1330 2835 1397 2919 οὖν,

230 2939 333 3018 φασί,
363 2935 522 3022 διάφοροί
550 2941 637 3003 εἰσιν
663 2935 699 3000 αἱ
726 2945 944 3018 κατασκευαί,
975 2943 1067 3007 ε”σται
1090 2940 1201 3007 πολλοὶ
1223 2946 1396 3026 προοίμια.

177 3048 210 3103 25
231 3038 281 3100 38.
304 3035 402 3104 ταύτὸ
426 3040 463 3104 δέ
484 3042 579 3105 τοῦτο
603 3043 651 3127 πή
673 3041 733 3124 μὲν
755 3038 866 3126 ὀρθῶς
889 3044 968 3125 ἔχει,
992 3050 1087 3130 φησί,
1116 3047 1163 3134 πή
1190 3044 1227 3108 δὲ
1250 3043 1397 3130 φαύλως·

228 3141 265 3204 τὸ
289 3141 349 3226 μὲν
370 3143 432 3226 γάρ
458 3143 574 3230 (περὶ)
598 3147 663 3209 τῶν
685 3141 898 3230 ύπολήψεων,
928 3143 979 3212 ὅτι
1010 3146 1045 3211 αἳ
1075 3145 1173 3212 αὐταὶ
1203 3145 1302 3212 οὖσαι
1326 3159 1398 3223 ταῖς

230 3259 446 3322 κατασκευαῖς
471 3248 735 3333 θεραπεύονται,
764 3249 869 3324 καλῶς
896 3269 1007 3335 φησιν.
1057 3255 1152 3334 εἴπερ
1179 3251 1216 3314 δ’
1240 3248 1276 3313 αἶ
1299 3249 1397 3314 αύιαί

230 3350 316 3415 εἰσιν
337 3347 537 3438 ὑπολήψεις,
560 3352 686 3436 μᾶλλον
707 3357 742 3418 ἓν
757 3351 797 3417 ἀν
816 3357 944 3433 γένοιτο
961 3360 1152 3439 προοίμιον,
1177 3353 1196 3440 ή
1214 3353 1396 3440 ἐπειδήπερ

297 3501 718 3568 ςωωωωῳωμ

296 3680 310 3729 3
330 3680 408 3730 verba
427 3677 622 3752 διά-ἀνδρὸς
640 3689 696 3746 μυεῖ
714 3675 899 3748 διαλεγόμεθα
919 3683 1006 3749 posuit
1024 3679 1050 3759 6,
1071 3680 1080 3749 ΙΙ
1105 3683 1153 3733 τοῦ
1170 3679 1274 3751 ἀνδρὸς
1292 3691 1337 3734 aut
1355 3685 1397 3734 de-

228 3747 326 3796 lendum
341 3749 421 3798 autin
435 3747 484 3799 τοῦ
496 3748 597 3805 παιδὸς
609 3751 784 3814 corrigendum
797 3750 817 3800 F
831 3752 928 3800 censuit
942 3748 950 3817 ΙΙ
965 3745 1072 3820 ἀνδρος.
1086 3747 1189 3814 ὁμοίως
1203 3789 1208 3800 .
1222 3790 1227 3801 .
1242 3790 1248 3802 .
1262 3790 1268 3802 .
1282 3756 1397 3819 γυναῖκα

230 3812 307 3880 <τήυ>
327 3815 402 3866 ἰδίαν
422 3814 612 3886 διαλεγώμεθα
625 3819 674 3881 seg
727 3822 741 3868 5
761 3815 829 3888 πρὶς
849 3815 922 3884 (τοὺς
939 3815 1072 3887 ἀκροατὰς
1092 3820 1133 3870 vel
1152 3816 1277 3886 κριτάς>ί
1296 3822 1328 3886 Sp
1382 3821 1397 3870 6

228 3880 555 3954 ἀντιπαρατεταγμέυηυί)
568 3903 606 3936 em
616 3888 665 3950 Seg
700 3888 714 3936 ’ί
730 3880 792 3952 (ἀν)
805 3888 988 3957 έρεθίζοιμεν.
999 3924 1006 3938 .
1019 3889 1152 3953 λυποῐμεν
1164 3889 1231 3938 wil:
1245 3888 1398 3958 ίρεθίζομεν

229 3954 419 4021 ..λυποῦμεν
436 3955 463 4015 Ρ,
492 3953 656 4022 ἐρεθίσομεν
673 3992 679 4004 .
698 3991 704 4005 .
723 3953 882 4024 λυιιήσομεν
904 3955 926 4006 K
979 3956 994 4004 8
1021 3973 1060 4006 πα
1081 3955 1258 4021 αδειχθιίηΡ
1285 3957 1395 4020 correxi,

229 4011 467 4140 “5⁹“³f²'⁹'5⁰⁶{{“
489 4023 538 4140 ⁸2⁶3
572 4020 1196 4159 Ηιίρύσῗιῗρὲἕῗωαίίέίῗλῗιίῖιῗῗδωάἶι
1219 4027 1398 4160 ’ἑλῖίδξίῗζῗ

229 4089 406 4225 ἀνάραύάἓξοάς)
438 4158 470 4208 27
488 4108 664 4224 ῳασίίάέπιὶ
683 4159 731 4222 Seg
768 4129 781 4154 ο
923 4111 938 4158 Q
1087 4109 1116 4158 pp
1263 4162 1264 4166 ’

297 4333 312 4398 6
331 4335 362 4384 36
380 4337 614 4402 σπερματικῶς
632 4334 662 4386 εί.
682 4333 829 4386 Ernestium
843 4335 903 4386 Lex.
918 4337 982 4387 teeh.
997 4336 1042 4387 Gr.
1055 4351 1075 4386 s.
1087 4352 1110 4387 v.
1147 4335 1207 4400 §³7
1231 4333 1323 4390 Τινὲς
1341 4339 1358 4384 i.
1372 4349 1393 4384 e.

230 4401 373 4453 Theodorei
392 4402 422 4454 οί.
442 4402 520 4469 §134
538 4411 564 4454 et
583 4403 731 4454 Schnnzium
752 4405 778 4453 in
799 4405 889 4454 Herma
906 4403 981 4457 XXV
1002 4405 1067 4456 1890
1086 4421 1108 4472 p.
1122 4405 1163 4456 48.
