3536 5208
788 380 1052 444 -XXX-

341 560 472 618 referunt
495 557 544 638 (cl.
568 557 633 618 adn.
649 551 726 616 XXV
740 561 779 632 ³),
814 559 864 619 sed
888 557 1085 639 Metrophanis
1120 567 1198 622 aetas
1232 557 1371 619 incertior
1392 566 1437 618 est
1458 557 1508 636 (cf.

341 661 407 721 adn.
423 661 517 721 XXlX
529 667 565 735 ς).
595 660 663 722 inde
678 661 756 738 quod
772 661 960 741 Harpocratio
976 681 992 722 a
1009 661 1129 742 Syriano
1144 670 1212 724 ante
1228 660 1391 723 Cornutum
1408 662 1509 743 lauda·

342 773 399 838 tur,
427 764 477 843 qui
504 763 643 845 hpsinem
670 773 762 825 aetate
790 765 945 844 praecedit,
973 766 1231 845 Harpocrationem
1259 765 1304 825 vel
1334 765 1508 842 Hermogeni

342 869 491 946 aequalem
525 867 616 929 fuisse
644 869 687 928 rel
721 887 787 928 eum
816 878 1005 930 consecutum
1034 887 1098 928 esse
1128 867 1301 947 colligimus.
1346 867 1508 929 Cornutum

342 971 419 1032 inter
449 971 614 1045 Basilicum,
649 971 830 1048 Hermogene
858 971 1049 1051 superiorem,
1083 979 1112 1032 et
1137 972 1277 1051 Apsinem
1304 971 1395 1032 fuisse
1422 989 1510 1051 supra

343 1075 509 1136 statuimus
554 1093 625 1159 cum
645 1084 743 1135 autem
764 1074 839 1154 apud
855 1074 1010 1153 syrianum
1027 1074 1152 1135 eundem
1168 1084 1237 1154 post
1253 1074 1510 1155 Harpocrationem

343 1178 412 1258 poni
434 1178 593 1251 rideamne,
622 1196 688 1238 eum
713 1186 781 1257 post
803 1177 1016 1256 Hermogenem
1041 1186 1070 1239 et
1090 1178 1209 1257 hpsinis
1232 1177 1414 1258 temporibus
1440 1195 1511 1256 pro-

341 1281 454 1362 piorem
477 1281 568 1342 luisse
590 1299 763 1360 persuasum
786 1281 938 1342 habemus.
982 1282 1062 1343 hunc
1081 1280 1244 1343 Cornutum
1267 1289 1416 1343 auctorem
1432 1277 1511 1340 Artis

343 1404 406 1446 esse
428 1404 508 1446 nunc
530 1384 681 1464 probaturi
704 1403 817 1445 sumus.

426 1488 673 1549 Proficiscendum
702 1488 787 1550 nobis
815 1497 860 1549 est
882 1487 918 1548 ab
941 1487 993 1559 eis,
1021 1506 1094 1568 quae
1117 1487 1265 1549 Cornutus
1287 1508 1303 1549 a
1326 1487 1453 1548 Lachere
1476 1485 1511 1545 de

345 1593 476 1654 membro
506 1591 640 1653 docuisse
667 1592 792 1654 traditur
814 1591 850 1651 W
866 1591 915 1651 llll
938 1591 1026 1660 9312
1050 1589 1153 1674 φησὶν
1183 1585 1240 1655 οὖν
1271 1585 1289 1652 ό
1311 1586 1510 1668 Κορνοῦτος·

343 1693 448 1759 κῶλόν
473 1693 543 1757 ἐστι
573 1690 692 1776 μόριον
721 1689 819 1772 λόγου
842 1697 1054 1778 συγκείμενον
1077 1692 1111 1765 ἐξ
1137 1688 1309 1776 ὀνομάτων
1331 1691 1390 1755 δύο
1412 1689 1433 1774 ἢ
1456 1690 1512 1752 καὶ

344 1793 522 1874 πλειόνων,
550 1797 695 1861 τελειοῦν
728 1795 824 1880 (την)
854 1795 913 1860 ἐπὶ
940 1799 1059 1880 μέρους
1089 1794 1259 1860 διάνοιαν·
1305 1798 1376 1860 είτα
1404 1817 1512 1879 παρα-

344 1900 464 1965 κατιόιν
502 1903 705 1986 σαφέστερον
737 1898 794 1963 τόν
823 1897 920 1978 λόγον
954 1896 1111 1984 ἐποίησεν
1143 1900 1365 1984 ἐπιμνησθεὶς
1398 1895 1511 1964 αὐτοῦ·

342 2003 447 2067 κῶλον
475 2002 538 2088 γάρ
566 2004 636 2068 ἐστι
665 2002 817 2077 διανοίας
843 2006 941 2086 μέρος
967 1999 1149 2086 ἀπαρτίζον
1171 2003 1254 2087 πρὸς
1277 2007 1387 2089 ἕτερον
1408 2001 1513 2067 κῶλον

342 2112 601 2191 παρακείμενον·
644 2107 681 2171 τὸ
709 2105 770 2189 γὰρ
800 2108 844 2169 <εί
874 2107 931 2170 τὸν
959 2105 1113 2190 χορευτὴν
1141 2105 1217 2170 οὐδὲ
1244 2104 1513 2192 όπροσκαλέσας

343 2208 484 2296 ἀζήμιος
511 2209 618 2274 ἔσταν
644 2209 748 2273 κῶλον
774 2212 834 2293 μέν
862 2207 932 2272 ἐστι
956 2211 1083 2292 σαφῶς,
1113 2207 1172 2274 οὐκ
1194 2209 1235 2274 ἀν
1257 2211 1295 2275 δέ
1317 2212 1512 2294 εἰλικρινῶς,

344 2312 421 2378 οὐδὲ
443 2315 501 2398 την
518 2313 575 2377 ἐπὶ
592 2316 708 2397 μέρους
723 2316 928 2396 παρέστησεν
943 2309 1022 2396 ἡμῖν
1038 2311 1192 2378 διόνοιαν
1207 2314 1252 2399 μη
1267 2314 1513 2398 προσλαβοῦσι·

343 2419 413 2482 <τόν
434 2417 472 2481 δὲ
486 2415 626 2502 χορηγόν
649 2413 748 2479 αὐτὸν
770 2412 847 2478 οὐδὲ
870 2413 888 2479 δ
911 2415 1080 2502 συγκόψας
1104 2411 1142 2482 οὐ
1165 2415 1267 2482 δτόσει
1283 2418 1399 2502 δίκην).
1444 2419 1514 2498 Epi—

344 2535 423 2585 tome
439 2523 517 2591 481⁵
533 2521 709 2583 sententiam
733 2503 837 2583 κῶλόν
859 2519 919 2602 μὲν
934 2516 992 2585 οὖν
1007 2520 1077 2584 ἔστι
1093 2521 1243 2595 διανοίας
1258 2525 1356 2606 μέρος
1371 2518 1514 2604 ἀπαρτί-

345 2621 401 2703 ζον
438 2623 522 2708 πρός
555 2626 665 2707 ἕτερον
698 2622 803 2686 κῶλον
837 2627 1081 2706 παρακείμενον
1111 2625 1197 2687 nobis
1231 2645 1285 2706 pro
1318 2627 1376 2687 fine
1409 2623 1514 2688 κώλου

346 2730 475 2791 venditat
508 2737 537 2790 et
563 2728 641 2790 idem
669 2737 756 2808 atque
785 2728 933 2790 Cornutus
960 2729 1087 2791 duorum
1118 2730 1319 2792 membrorum
1348 2729 1514 2809 exemplum

344 2835 447 2908 adfert,
483 2834 533 2894 sed
566 2851 620 2912 pro
647 2832 752 2906 verbis,
786 2832 893 2912 quibus
922 2832 1070 2896 Cornutus
1104 2835 1162 2896 duo
1193 2834 1324 2896 membra
1354 2833 1514 2912 coniungit,

344 2957 436 3018 pauca
457 2937 553 2998 inania
576 2936 701 2997 exhibet.
746 2925 825 2996 illam
848 2938 1023 3000 sententiam
1046 2957 1106 2999 non
1129 2938 1288 3018 genuinum
1304 2939 1391 2998 linem
1409 2933 1514 2998 κόλου

345 3061 409 3102 esse
437 3060 471 3102 ex
498 3059 531 3101 ca
553 3039 616 3119 ipsa
644 3039 876 3101 concludendum
903 3052 975 3112 erat,
1002 3061 1070 3103 uam
1094 3059 1161 3102 cum
1185 3041 1221 3102 ad
1243 3050 1405 3102 extremam
1429 3059 1515 3101 voca-

347 3145 448 3204 bulum
471 3144 668 3204 deliniendum
691 3143 790 3224 ipsum
813 3143 897 3224 quasi
921 3154 1024 3206 notum
1047 3153 1207 3224 usurpatur
1229 3154 1292 3206 tum
1314 3163 1423 3206 nomen
1445 3143 1514 3224 quid

346 3249 384 3309 sit
417 3243 521 3309 κῶλον
550 3246 716 3326 significans
743 3248 788 3308 vel
820 3267 985 3328 pronomen
1017 3270 1050 3309 τι
1084 3246 1281 3322 desideratur;
1314 3267 1409 3327 neque
1437 3248 1515 3309 enim

346 3349 498 3422 διανοίας
521 3351 618 3431 μέρος
640 3351 840 3412 nominativus
855 3352 1076 3432 praedicativus,
1100 3369 1188 3431 quem
1205 3350 1339 3425 dicimus,
1364 3352 1414 3412 sed
1429 3371 1516 3413 accu-

346 3453 456 3516 sativus
500 3473 515 3513 e
555 3453 708 3534 participio
750 3449 933 3536 ἀπαρτίζον
965 3456 1097 3536 pendens
1131 3465 1184 3516 est.
1240 3474 1255 3516 e
1289 3455 1408 3516 scholiis
1442 3455 1517 3515 banc

346 3557 521 3619 sententiam
544 3556 707 3618 aCornuto
730 3558 765 3619 ad
787 3559 984 3639 praemissum
1007 3555 1112 3620 κοίλου
1128 3559 1217 3620 linem
1234 3558 1449 3639 explanandum
1465 3558 1517 3618 ad-

346 3661 468 3722 hibitam
486 3679 549 3721 esse
564 3662 673 3740 patefit.
718 3661 789 3723 item
806 3663 949 3723 sententia
964 3661 987 3721 Ε
1004 3661 1043 3722 48
1060 3693 1094 3734 20,
1118 3681 1192 3740 quae
1208 3662 1271 3722 loco
1286 3661 1398 3741 periodi
1413 3661 1517 3722 delini-

346 3763 434 3825 tionis
458 3773 511 3837 est,
535 3761 691 3846 περίοδος
714 3763 751 3826 δέ
773 3762 843 3827 ἐστι
866 3761 963 3841 λόγος
983 3761 1138 3826 διάνοιαν
1153 3759 1346 3846 ἀπαρτίζων
1361 3760 1517 3846 αὐτοτελῆ

347 3865 381 3928 έκ
404 3862 516 3930 κοίλων
539 3870 743 3951 συγκειμένη,
768 3867 891 3930 Cornuti
913 3867 1025 3948 periodi
1047 3868 1108 3938 fini,
1131 3886 1219 3946 quem
1235 3867 1266 3927 in
1282 3867 1401 3928 scholiis
1416 3867 1453 3928 W
1468 3867 1518 3928 Vll

347 3971 406 4032 891
423 4003 435 4040 4
450 3970 617 4033 invenimus
636 3972 686 4052 (cf.
702 3973 769 4034 adn.
785 3972 902 4033 XXVlll
916 3976 951 4046 3),
975 3970 1161 4051 explicationi
1184 3969 1274 4030 luisse
1289 3970 1414 4032 videtur.
1448 3971 1518 4032 huic

346 4076 389 4135 rei
405 4075 574 4137 testimonio
590 4085 635 4136 est
649 4078 744 4136 lbrrna
759 4075 879 4136 alterius
891 4075 1035 4156 participii
1048 4076 1252 4156 συγκειμένη,
1268 4075 1346 4154 quod
1358 4073 1518 4135 Finckbius

347 4179 379 4239 in
403 4173 615 4262 συγκείμενον
630 4179 836 4260 corrigendum
853 4199 917 4242 esse
932 4178 1065 4240 coniecit.
1110 4189 1139 4240 at
1154 4179 1281 4258 genuina
1296 4179 1417 4240 Cornuti
1432 4178 1519 4239 verba

347 4280 503 4365 περίοδος
537 4281 575 4344 δέ
609 4281 679 4345 ἐστι
717 4280 872 4346 διάνοιαν
900 4277 1128 4365 ἀπαρτίζουσα
1155 4277 1314 4368 αὐτοτελῆ
1340 4281 1376 4343 ἐκ
1407 4275 1519 4344 κοίλων

348 4389 540 4469 συγκειμένη
563 4389 664 4463 fuisse,
692 4409 707 4450 a
731 4375 952 4468 posterioribus,
976 4387 1026 4466 qui
1049 4387 1120 4449 haec
1143 4388 1228 4448 verba
1252 4407 1305 4467 pro
1328 4387 1385 4448 sine
1408 4383 1519 4466 periodi
