3536 5208
688 367 857 433 -XLV
905 405 945 416 -—

240 550 298 603 tur.
341 543 371 604 in
394 541 507 604 Neoclis
530 542 635 613 verbis,
660 563 733 624 quae
755 545 884 625 primum
908 546 1005 608 locum
1029 547 1170 620 obtinent,
1194 547 1401 609 offendendum

238 654 292 706 est.
341 645 461 708 Neocles
492 655 522 708 et
549 665 651 708 omnes
673 649 806 710 rhetores
835 650 943 711 laudati
966 649 1086 711 eandem
1110 649 1306 711 narrationem
1330 651 1402 712 deh-

238 748 333 822 nium,
359 769 433 830 quae
465 750 591 811 secunda
615 750 754 812 emtionis
777 751 868 812 civilis
890 771 957 832 pars
979 762 1034 825 est,
1063 752 1112 812 sed
1135 770 1203 813 cum
1227 753 1315 813 ceteri
1338 772 1401 814 eam

238 851 364 932 simplici
386 853 504 914 nomine
527 848 706 936 διηγήσεως
728 853 900 933 significent,
923 855 1037 917 Neoclis
1064 855 1113 916 fini
1129 855 1200 918 haec
1215 855 1299 918 rerba
1316 875 1402 936 prae-

239 955 397 1017 mittuntur
419 954 488 1018 ἔστι
512 954 549 1019 δὲ
569 951 590 1039 ή
613 952 763 1039 διήγησις
785 956 869 1020 κατὰ
892 955 989 1042 (μὲν)
1016 956 1159 1020 Νεοκλέα
1179 952 1199 1041 ή
1222 955 1402 1041 δικανικήῑ.

238 1056 322 1119 euius
355 1059 398 1120 rei
430 1060 508 1121 nulla
541 1060 594 1121 alia
627 1079 713 1122 eausa
735 1060 859 1122 inveniri
888 1071 985 1142 potest
1007 1061 1064 1123 nisi
1086 1061 1163 1142 quod
1186 1061 1305 1123 Neocles
1327 1063 1402 1124 hanc

237 1161 434 1224 narrationem
460 1172 492 1225 ut
513 1163 639 1243 speciem
662 1163 837 1225 narrationis
859 1165 907 1225 alii
922 1164 1028 1245 speciei
1043 1172 1093 1225 aut
1108 1165 1207 1243 generi
1222 1165 1401 1246 opposuerit.

236 1261 334 1342 itaque
356 1263 437 1325 illum
461 1265 637 1326 narrationis
660 1267 757 1335 tinem,
788 1287 875 1347 quem
904 1278 933 1330 et
955 1269 1003 1330 HS
1033 1279 1062 1329 et
1083 1267 1218 1328 Nicolaus
1240 1286 1256 1328 e
1279 1267 1402 1330 Cornuti

236 1366 306 1428 Arte
328 1365 546 1446 descripserunt
568 1368 604 1428 W
620 1369 670 1430 Vll
685 1369 746 1431 729
762 1403 796 1444 ιι,
821 1372 861 1450 Sp
876 1371 916 1432 lll
931 1371 992 1432 450
1008 1404 1034 1440 m
1049 1398 1091 1424 =
1106 1370 1142 1430 W
1156 1371 1183 1431 ll
1198 1372 1216 1431 7
1222 1405 1234 1440 a
1249 1369 1401 1453 διήγησίς

235 1467 325 1531 ἐστιν
353 1467 487 1544 ἔκδεσις
514 1468 715 1552 πραγμάτων
740 1470 922 1550 γεγονότων
951 1471 970 1556 ii
993 1471 1035 1548 ὠς
1057 1471 1238 1552 γεγονότων
1259 1494 1275 1535 a
1297 1474 1401 1536 Neoole

234 1574 397 1636 adhibitum
421 1595 486 1636 esse
508 1575 682 1648 oredimus&
705 1577 876 1656 praesertim
900 1597 966 1639 cum
990 1586 1057 1638 ante
1079 1577 1193 1638 Neoclis
1217 1578 1301 1639 verba
1324 1579 1399 1654 §tt

235 1679 431 1742 narrationem
456 1681 532 1742 solas
555 1680 724 1760 praeteritas
748 1699 795 1741 res
818 1700 962 1762 exponere
984 1681 1091 1742 dictam
1111 1700 1175 1742 esse
1192 1681 1399 1744 desideremus.

235 1781 271 1842 ab
301 1783 355 1844 hac
381 1783 507 1862 generali
535 1783 701 1844 narratione
723 1783 843 1844 Neocles
871 1783 1024 1864 specialem
1051 1783 1081 1844 in
1108 1783 1288 1845 orationibus
1311 1803 1400 1846 usur-

235 1885 371 1964 pandam,
394 1906 480 1966 quam
505 1886 669 1948 iudicialem
691 1887 857 1968 appellaret,
880 1887 1046 1949 distinxisse
1066 1887 1214 1968 putandus
1233 1887 1305 1949 esth
1350 1908 1400 1968 ge-

234 1987 324 2048 nuina
347 1989 434 2050 verba
456 1988 570 2050 Neoclis
593 1989 710 2050 restitui
732 2008 818 2069 posse
840 1989 1038 2070 desperamus.

319 2090 414 2152 Simili
441 2080 553 2154 ratibne
585 2102 672 2172 atque
694 2092 813 2154 Neocles
840 2102 942 2154 auctor
969 2093 1124 2154 verborum
1147 2093 1221 2168 §52
1252 2111 1322 2154 usus
1345 2102 1398 2167 est,

234 2193 284 2273 qui
312 2193 382 2255 item
407 2197 569 2274 generalem
593 2205 622 2257 et
644 2196 797 2276 specialem
820 2197 1016 2258 narrationem
1040 2217 1104 2258 esse
1127 2197 1263 2278 sumpsit,
1291 2198 1341 2259 sed
1363 2215 1397 2258 eo

234 2317 248 2358 a
281 2297 386 2359 Neocle
420 2300 566 2372 dissensit,
600 2301 678 2379 quod
711 2299 758 2360 illa
791 2303 971 2379 praeteritas,
1005 2301 1156 2372 instantes
1190 2304 1313 2374 futuras,
1345 2301 1398 2362 hac

233 2401 404 2480 praeteritas
426 2411 455 2464 et
477 2403 620 2464 instantes
640 2422 687 2464 res
703 2403 808 2483 exponi
823 2403 903 2464 dixit.
941 2411 971 2464 et
985 2402 1014 2463 in
1031 2403 1106 2463 hanc
1121 2402 1270 2483 Epitomes
1285 2411 1397 2484 partem

233 2512 262 2564 et
294 2503 323 2564 in
352 2505 515 2584 proximam
546 2507 594 2583 (§§
617 2505 765 2588 53-62),
796 2525 852 2585 qua
879 2507 1008 2568 diversae
1030 2506 1205 2567 narrationis
1228 2505 1259 2566 in
1287 2505 1398 2586 species

233 2605 389 2668 divisiones
422 2609 619 2682 continentur,
653 2609 689 2670 ab
719 2609 910 2690 epitomatore
938 2608 1058 2670 Cornuti
1085 2609 1172 2669 rerba
1198 2611 1259 2668 lere
1286 2609 1398 2687 integra

233 2709 422 2790 transscripta
445 2712 495 2772 sed
518 2731 533 2772 a
557 2711 660 2774 scribis
682 2713 796 2792 saepius
819 2721 956 2791 corrupta
980 2731 1043 2773 esse
1065 2712 1211 2773 videntur.

316 2811 451 2874 Nicolaus
483 2813 658 2876 narrationis
692 2811 786 2894 ἔργον
813 2814 1013 2876 definitionem
1041 2833 1057 2875 a
1084 2814 1214 2876 Cornuto
1241 2812 1395 2894 repetitam

231 2914 348 2976 exhibet
368 2915 408 2996 Sp
419 2916 459 2976 Ill
475 2917 535 2977 450
551 2950 577 2986 25
591 2944 634 2970 =
649 2917 722 2980 wll
738 2919 756 2977 7
771 2949 793 2990 ς,
814 2916 873 2977 123
887 2946 911 2986 27
934 2914 1028 2998 ἔργον
1050 2915 1087 2978 δὲ
1109 2911 1208 2998 αὐτῆς
1229 2915 1284 2976 καὶ
1307 2911 1398 2987 τέλος

230 3015 267 3078 τδ
290 3014 479 3098 παράδοσιν
494 3019 549 3079 καὶ
566 3015 710 3101 δήλωσιν
726 3019 867 3101 ποιήσαι
883 3019 927 3102 τῷ
944 3015 1086 3106 ἀκροατῇ
1101 3018 1158 3080 τοῦ
1174 3015 1395 3100 ττροίγματος4.

230 3129 260 3182 et
281 3121 352 3183 baec
373 3121 504 3184 delinitio
526 3132 555 3184 et
577 3123 601 3184 si
623 3142 697 3203 quae
719 3123 790 3186 aliae
812 3123 942 3186 eiusdem
966 3122 1008 3184 rei
1029 3122 1214 3184 definitiones
1234 3121 1396 3184 aCornuto

232 3274 548 3286 ——--.

298 3359 308 3392 ¹
326 3359 456 3424 binantio,
474 3361 517 3426 qui
535 3361 670 3412 lectionem
689 3360 785 3411 codrcrs
800 3357 849 3410 P
836 3380 851 3425 η
871 3361 896 3410 in
914 3360 1115 3410 coniunctionem
1130 3379 1145 3440 η
1160 3360 1291 3432 corrigere
1305 3359 1396 3424 voluit,

230 3443 277 3476 non
300 3429 488 3478 assentiendum
512 3437 560 3479 est.
598 3445 654 3479 uam
677 3436 735 3480 ante
758 3428 944 3478 substantivum
966 3419 1094 3494 διήγησις,
1118 3429 1141 3478 si
1163 3424 1179 3493 ή
1204 3421 1324 3494 διήγησις
1347 3444 1395 3478 non

230 3512 284 3546 cum
309 3492 473 3546 adiectivo
459 3515 474 3560 η
498 3491 621 3560 δικανική
644 3499 843 3560 coniungeudum
867 3505 945 3562 esset,
967 3492 1125 3547 articulus
1111 3513 1143 3578 η
1147 3499 1257 3559 deesset,
1280 3497 1395 3561 quoniam

228 3565 351 3614 voeabula
378 3565 516 3616 delinienda
544 3567 654 3616 articulo
682 3581 769 3616 carere
796 3567 887 3616 solent.
925 3581 1004 3631 neque
1030 3566 1101 3646 prius
1127 3558 1143 3629 ἢ
1168 3567 1197 3614 ιδ
1222 3535 1288 3614 bubo
1312 3564 1395 3614 locum

229 3634 353 3698 quadrare
366 3633 446 3683 simili
458 3634 588 3700 Epitomcs
601 3635 657 3684 loco
671 3635 840 3684 confirmatur.
871 3634 891 3683 ll
904 3633 921 3699 ξ
934 3635 984 3685 210
998 3635 1070 3696 enim,
1082 3633 1125 3683 ubi
1139 3635 1169 3683 de
1181 3632 1395 3698 recapitulatione

228 3703 312 3766 agitur
338 3715 416 3786 eaque
443 3703 540 3752 duobus
566 3703 647 3753 modis
670 3703 796 3766 delinitur,
819 3704 930 3753 alterum
955 3702 1091 3752 membrum
1118 3701 1272 3752 delinitionis
1300 3701 1395 3752 eisdem

229 3765 351 3820 νοι5ἰο
334 3787 351 3832 η
373 3765 406 3831 νὴ
424 3772 488 3832 Δία,
506 3786 568 3836 quae
587 3773 656 3824 1111
674 3771 801 3835 leguntur,
824 3772 958 3826 inchoatur
980 3785 1059 3836 neque
1082 3777 1165 3821 autem
1183 3771 1265 3836 priori
1283 3769 1393 3819 membro

229 3838 372 3888 coniunctio
390 3833 408 3900 ἢ
426 3839 536 3904 praelixa
557 3847 603 3890 est.

294 3906 433 3957 ’Eandem
456 3909 627 3958 definitionem
651 3906 702 3958 Cic.
722 3907 752 3958 de
769 3905 825 3958 lov.
843 3906 934 3973 l§2'l
958 3907 1061 3956 exhibet
1083 3914 1142 3956 ante
1164 3921 1192 3956 aa
1217 3905 1308 3968 verba,
1331 3919 1392 3971 quae

228 3974 253 4024 in
281 3977 484 4027 commentarium
511 3977 541 4027 ad
564 3975 597 4042 §5⁸
616 3976 657 4039 54,
682 3976 713 4026 55
736 3977 966 4042 transscripsimns.
1002 3975 1251 4041 progymnasmata
1275 3981 1393 4024 auctores

227 4057 324 4161 pproqrpe
350 4044 397 4092 bac
419 4045 567 4095 delinitione
590 4051 696 4094 utuntur
719 4044 787 4095 Theo
806 4043 873 4110 Spll
891 4046 970 4108 781⁵,
993 4043 1109 4105 Hermog
1127 4043 1161 4093 ib.
1180 4043 1243 4105 419,
1268 4042 1393 4107 Aphthon.

228 4127 235 4160 ι
281 4112 295 4160 2
329 4127 348 4162 1.

295 4178 362 4231 ³Ci.
380 4179 453 4246 0ξο
468 4181 528 4244 149
554 4182 610 4246 150,
632 4180 675 4232 ubi
692 4179 801 4231 Neocles
819 4176 849 4231 τὸ
866 4182 969 4260 κυρίως
982 4175 1062 4242 εἰκὸς,
1079 4167 1108 4228 τὸ
1127 4172 1193 4228 κατὰ
1214 4173 1263 4242 τήν
1280 4193 1377 4262 προς
1367 4195 1393 4227 τι

227 4249 330 4314 σχέσιν,
352 4251 417 4314 quod
440 4250 584 4301 rhetoribus
608 4265 669 4316 opus
692 4256 740 4313 cst,
763 4257 789 4299 et
811 4249 838 4300 id
860 4249 991 4310 discernit,
1014 4247 1081 4313 quod
1101 4237 1255 4316 κοινότερον
1271 4245 1302 4296 ad
1322 4236 1393 4302 εἰκός

227 4317 378 4368 nominatur.

294 4385 305 4417 ⁴
323 4386 406 4438 Verba
424 4387 469 4438 καλ
487 4386 559 4443 τέλος
578 4395 603 4437 et
620 4385 737 4451 ποιῆσαι
757 4385 789 4435 W
803 4383 824 4434 tl
844 4385 891 4436 123
904 4402 930 4440 aa
948 4385 1046 4434 desunt.
