3536 5208
793 433 835 444 -
881 395 987 460 XXIV
1034 430 1076 440 —

355 579 488 660 Epitoma
511 577 704 657 sequuntur¹,
726 578 838 657 profert
860 575 911 636 sed
932 581 999 634 ante
1014 592 1047 635 ea
1063 572 1208 652 quoddam
1226 570 1303 632 aliud
1319 569 1450 642 collocat,
1473 571 1523 631 scl.

356 690 390 743 ut
411 680 491 742 brevi
513 680 640 742 locuturi
675 699 731 741 una
762 679 889 759 generali
920 677 1039 739 notione
1065 694 1161 754 neque
1188 673 1322 756 pluribus
1349 673 1524 753 specialibus

356 791 490 846 utantur:
511 783 547 843 W
559 783 585 844 ll
601 783 662 844 230
677 814 703 854 25
718 779 738 865 ἢ
754 783 786 860 (l.
802 777 834 864 ἡ)
853 775 929 865 (δέ)
949 777 1032 842 κατὰ
1047 777 1135 850 λέξιν
1150 778 1216 858 (sel.
1233 779 1394 859 συντομία
1410 772 1524 857 ἔσται),

356 882 434 949 ὅταν
459 886 504 970 τῷ
529 885 681 948 καθόλου
707 881 791 947 ἀλλὰ
817 881 861 967 μή
894 893 965 958 τοῖς
994 881 1077 944 κατὰ
1102 882 1200 964 μέρος
1226 875 1394 962 χρώμεθα.
1437 884 1474 943 W
1499 885 1525 944 ll

356 991 445 1062 231,
466 987 616 1053 καθόλου
638 990 698 1072 μὲν
717 983 776 1052 οὖν
798 985 889 1049 ἐστιν
912 981 964 1048 ὅτε
984 985 1030 1069 τῷ
1045 985 1164 1068 reveno
1185 979 1206 1066 ἢ
1227 983 1273 1068 τῷ
1296 984 1524 1070 περιληπτικρῖ

356 1090 518 1176 χριίμενοι
541 1089 629 1176 μόνῳ
653 1087 790 1174 ὀνόματι
816 1086 898 1174 (μὴ)
922 1088 964 1151 τὰ
986 1085 1070 1150 κατὰ
1090 1089 1187 1171 μέρος
1204 1083 1221 1170 ἢ
1240 1090 1314 1150 κατ’
1338 1088 1427 1163 εἶδος
1442 1087 1524 1172 λαμ-

357 1192 522 1279 βάνωμεν,
547 1191 590 1269 οἷς
611 1194 648 1258 cd
672 1198 723 1271 (Λ
741 1194 815 1270 286)
839 1187 879 1255 (ὦ
898 1192 1005 1275 Τρῶες
1027 1188 1226 1254 ealdelmus
1250 1189 1306 1252 καὶ
1327 1189 1525 1276 Δάρδανον.

357 1299 459 1362 ταῦτα
480 1299 542 1382 γὰρ
564 1299 637 1362 κατ’
660 1298 748 1371 εἶδος
770 1297 831 1360 εἴτ’
854 1290 913 1358 οὖν
935 1293 1017 1358 κατὰ
1038 1297 1148 1378 μέρος,
1171 1293 1208 1358 τὸ
1230 1293 1267 1356 δὲ
1289 1292 1421 1379 «ἄνδρες
1444 1295 1525 1379 σύμ-

357 1426 475 1486 μαχοι»
497 1401 762 1485 ἐπιτετμημένον.
799 1401 856 1461 hoc
877 1407 1064 1480 praeceptum
1087 1417 1155 1460 cum
1178 1398 1338 1478 elegantius
1360 1409 1415 1471 est,
1437 1419 1526 1480 quam

358 1518 392 1571 ut
413 1528 429 1569 a
453 1509 616 1579 Geometra‚
639 1505 823 1586 ineptissimo
845 1503 972 1574 rhetore,
996 1501 1190 1582 excogitatum
1218 1521 1282 1564 esse
1304 1505 1402 1584 putari
1424 1505 1528 1584 possit,

359 1622 422 1674 tum
445 1611 590 1690 insignem
614 1610 729 1670 illorum
747 1608 836 1670 trium
852 1613 1085 1687 praeceptorum,
1108 1625 1182 1686 quae
1204 1606 1233 1667 id
1250 1607 1325 1688 apud
1342 1607 1525 1668 Geometram

359 1715 507 1796 excipiunt
528 1723 558 1776 et
579 1713 609 1774 in
632 1711 767 1793 Epitoma
794 1729 911 1791 quoque
939 1717 1047 1782 extant,
1072 1709 1292 1771 similitudinem
1315 1729 1385 1792 prae
1408 1729 1438 1772 se
1460 1713 1527 1772 fert.

360 1838 428 1881 nam
452 1827 481 1880 et
503 1819 559 1879 hoc
585 1817 649 1898 ipso
676 1825 789 1878 certum
816 1813 961 1894 quoddam
989 1831 1081 1890 gertus
1109 1813 1316 1876 vocabulorum
1347 1822 1380 1875 ut
1402 1813 1526 1874 brevilo-

359 1922 462 2004 quenti
490 1921 560 1984 utile
587 1919 810 1981 commendatur
836 1929 866 1979 et
894 1917 963 1978 hnic
990 1916 1061 1976 item
1092 1925 1178 1996 atque
1201 1918 1306 1980 ceteris
1329 1916 1424 1978 tribus
1446 1917 1528 1979 locus

360 2025 532 2088 Homericus
555 2023 680 2103 exempli
702 2040 787 2084 causa
810 2020 986 2100 adiungitur.
1023 2020 1122 2100 itaque
1136 2021 1193 2082 hoc
1208 2029 1395 2100 praeceptum
1413 2021 1442 2082 in
1459 2022 1528 2082 Arte

360 2147 427 2189 cum
447 2127 551 2188 ceteris
574 2127 668 2188 trihus
691 2125 857 2204 colligatum
881 2125 972 2186 luisse
987 2142 1161 2205 persuasum
1178 2124 1330 2198 habemus,
1353 2125 1526 2204 praesertim

361 2249 427 2292 cum
451 2230 597 2303 Neoclem,
628 2230 674 2290 cui
703 2229 751 2289 illa
781 2228 836 2290 tria
858 2237 1012 2308 praecepta
1034 2227 1206 2289 vindicanda
1230 2236 1307 2301 sunt,
1331 2236 1471 2308 quattuor
1492 2229 1527 2289 de

360 2333 501 2396 brevitate
524 2352 559 2393 ex
581 2332 743 2394 elocutione
766 2330 916 2392 efficienda
939 2339 1091 2412 praecepta
1112 2331 1225 2392 dedisse
1240 2331 1334 2392 multo
1349 2331 1527 2411 probabilius

361 2439 399 2499 sit
421 2455 508 2516 quam
532 2435 596 2497 tria.
641 2435 766 2496 eundem
789 2435 867 2497 enirn
891 2435 926 2496 dc
949 2436 1050 2496 multis
1078 2435 1142 2496 aliis
1164 2434 1253 2496 rebus
1280 2445 1421 2514 quaterna
1444 2455 1528 2516 prae-

361 2547 444 2620 cepta
466 2538 613 2600 invenisse
636 2548 665 2600 et
686 2538 934 2620 quadripartiendi
965 2538 1215 2600 studiosissimum
1243 2538 1334 2600 fuisse
1359 2537 1434 2600 inira
1458 2541 1528 2602 satis
1556 2583 1562 2598 .

361 2643 518 2724 adparebit.

445 2746 605 2826 Postquam
635 2747 691 2808 hoc
716 2748 847 2828 exemplo
870 2749 1054 2810 Geometram
1077 2745 1147 2806 Arte
1175 2763 1260 2806 usum
1284 2763 1348 2807 esse
1369 2745 1528 2808 illustrari-

363 2869 444 2923 mus,
478 2851 676 2928 quaerendum
711 2861 769 2925 est,
806 2851 912 2930 quibus
944 2850 1008 2912 aliis
1040 2847 1111 2911 locis
1151 2849 1304 2912 Geometra
1341 2859 1527 2929 praeceptum

362 2953 451 3026 Artis,
474 2953 552 3032 quod
574 2953 727 3034 Epitomae
749 2955 836 3028 desit,
864 2954 970 3034 quibus
997 2961 1183 3034 praeceptum
1211 2951 1326 3031 plenius
1348 2971 1435 3032 quam
1459 2953 1529 3033 Epi-

363 3066 442 3118 tome
465 3054 568 3117 tradat.
614 3058 664 3118 sed
688 3058 742 3118 hoc
765 3057 936 3131 differimus,
960 3058 1029 3118 dum
1053 3056 1140 3129 Artis,
1164 3074 1251 3135 quarn
1275 3055 1351 3116 infra
1374 3055 1528 3118 restituere

364 3160 545 3234 conabimur,
567 3178 634 3240 pars
656 3160 692 3220 ad
715 3160 891 3222 narrationis
911 3162 1035 3222 virtutes
1058 3169 1192 3240 spectans
1214 3159 1299 3221 nobis
1322 3168 1472 3222 tractetur.

449 3366 558 3438 Restat,
582 3372 615 3426 ut
637 3364 710 3426 duos
738 3365 856 3427 infimae
882 3365 984 3427 aetatis
1013 3366 1145 3426 rhetores
1173 3383 1453 3441 commemoremus,
1480 3367 1531 3446 qui

365 3488 471 3551 paucas
494 3467 650 3549 particulas
672 3468 751 3530 Artis
774 3469 912 3531 exhibent
933 3488 1028 3549 neque
1050 3478 1148 3530 tamen
1164 3469 1242 3532 inter
1254 3469 1331 3531 Artis
1348 3479 1531 3550 excerptores

365 3573 510 3636 referendi
539 3579 617 3633 sunt.
666 3571 697 3632 in
725 3572 839 3650 Georgii
866 3572 988 3634 Gemisti
1014 3572 1165 3634 Plethonis
1193 3575 1333 3653 Syntoma
1360 3573 1530 3635 Rhetorices

366 3677 496 3756 quinque
518 3674 703 3736 definitiones
727 3675 925 3748 inveniuntur,
953 3695 1025 3755 quas
1047 3675 1078 3736 in
1102 3676 1169 3738 hrte
1191 3676 1322 3738 extitisse
1344 3685 1467 3740 constat.

365 3781 403 3841 'W
419 3781 454 3840 Vl
471 3779 532 3841 580
561 3805 630 3849 3:
644 3778 753 3840 Nicolai
775 3779 860 3858 Prog.
885 3781 925 3859 Sp
947 3780 987 3840 lll
1009 3779 1111 3850 4501,

398 3920 439 3928 -
467 3882 526 3946 581
557 3916 570 3953 2
584 3908 627 3934 =
641 3881 856 3962 epichirematis
865 3882 1036 3956 definitioni,
1049 3901 1137 3962 quam
1145 3881 1175 3942 in
1183 3882 1392 3944 commentario
1400 3882 1532 3945 Pseudo·

471 3984 625 4064 georgiano
647 4005 711 4046 esse
734 3986 861 4046 diximus
883 3995 913 4046 et
934 3985 996 4046 hrti
1018 3985 1183 4047 tribuimus·
1197 4005 1226 4065 p.
1242 3984 1327 4045 Xllll.

401 4124 442 4132 —
471 4087 529 4150 581
561 4115 630 4158 ³:
646 4091 796 4170 Anonyma
819 4089 854 4149 de
875 4089 940 4149 Jnv.
964 4088 1076 4151 Scholia
1100 4089 1135 4149 W
1150 4089 1173 4149 V
1188 4088 1250 4150 395
1266 4119 1291 4158 14

439 4355 449 4387 ¹
467 4353 602 4407 Geometra
616 4373 646 4406 eo
659 4363 755 4407 tanturn
769 4355 799 4405 ab
810 4356 925 4421 llpitoma
937 4355 1072 4421 discrepat,
1085 4355 1150 4421 quod
1162 4355 1230 4406 inter
1243 4355 1422 4421 paenultimmn
1435 4363 1461 4406 et
1473 4356 1535 4406 ulti-

371 4438 435 4473 mum
458 4432 617 4492 praeceptum
638 4425 669 4476 W
684 4423 705 4476 ll
724 4425 773 4474 230
785 4438 819 4488 au,
844 4424 930 4478 23110
947 4432 1107 4490 praeceptum
1128 4441 1142 4474 u
1160 4423 1262 4475 Theona
1279 4425 1416 4490 repetitum
1434 4425 1534 4476 inserit.
