3536 5208
669 418 710 428 -
757 383 844 448 LVII
890 420 931 430 -

305 558 377 620 Post
402 561 654 622 enumerationem
681 560 856 622 narrationis
884 568 1036 641 troporum
1063 560 1092 622 in
1116 561 1266 642 Epitomes
1288 563 1383 637 §112

222 661 383 724 differentia
411 659 592 745 διηγήσεως
619 671 648 724 et
674 661 901 737 καταστάσεως
930 665 1105 745 eprcatur,
1139 665 1188 725 sed
1216 665 1291 726 banc
1312 668 1330 738 ξ
1352 664 1383 725 in

221 764 342 827 Cornuti
369 765 439 827 Arte
470 774 622 846 troporum
653 766 866 828 enumerationi
900 767 1098 830 continuatam
1131 767 1221 828 luisse
1248 766 1384 828 credibile

221 887 280 929 non
304 875 357 929 est.
392 887 459 930 nam
480 878 635 948 autequam
652 868 687 930 de
703 889 760 930 usu
774 868 1002 942 καταστάσεως
1017 879 1046 932 et
1062 867 1226 952 προβολῆς
1241 880 1384 948 ageretur,

222 970 352 1032 narratio
380 971 572 1052 praetermitti
602 990 689 1050 posse
718 971 838 1034 dicenda
868 981 939 1034 erat.
983 973 1080 1053 itaque
1102 971 1143 1032 illi
1166 976 1183 1046 3
1206 973 1236 1034 in
1259 972 1384 1034 Cornuti

221 1076 290 1136 Arte
305 1073 419 1136 Neoclis
442 1075 477 1136 de
498 1073 756 1155 praetermissione
778 1075 953 1138 narrationis
974 1075 1061 1137 verba
1084 1075 1273 1137 antecessisse
1289 1075 1385 1136 sumi-

221 1197 297 1240 mus.
342 1197 416 1258 quae
447 1178 532 1239 verba
559 1177 679 1240 Neocles
710 1178 746 1238 de
779 1178 954 1240 narrationis
985 1179 1243 1260 praetermissione
1272 1179 1383 1256 fecerit,

222 1300 302 1342 nunc
324 1280 582 1345 demonstrabitur.

306 1384 385 1446 Ordo
412 1393 550 1463 quattuor
576 1384 727 1464 Epitomes
756 1384 884 1465 partium
915 1404 989 1464 quae
1017 1388 1053 1460 ἐξ
1076 1385 1176 1446 113-
1192 1383 1251 1444 135
1280 1383 1385 1445 distin-

220 1495 351 1566 guuntur
376 1487 631 1562 (§§113-—123;
658 1487 844 1562 124-131;
869 1487 942 1562 132,
968 1488 1042 1563 133ς
1071 1488 1146 1562 134,
1172 1487 1280 1563 135)1‚
1307 1486 1384 1548 idem

220 1599 307 1668 atque
328 1589 359 1650 in
379 1589 500 1652 Cornuti
515 1591 594 1664 Arte,
617 1590 668 1651 sed
690 1591 815 1652 duarum
837 1590 1000 1671 primarum
1023 1591 1150 1671 partium
1174 1589 1327 1671 dispositio
1349 1590 1385 1651 ab

221 1712 266 1765 ea,
294 1711 368 1773 quae
397 1694 473 1774 apud
496 1694 659 1755 Cornutum
686 1701 761 1767 erat,
788 1693 901 1754 diversa
923 1713 987 1756 esse
1009 1694 1133 1755 videtur.
1177 1693 1207 1754 in
1229 1693 1380 1774 Epitomes

220 1805 302 1877 parte
324 1799 361 1872 ἐς
378 1795 437 1857 113
453 1797 555 1858 -123
582 1796 714 1876 quaestio
741 1795 921 1870 instituitur,
952 1804 1052 1858 utrum
1083 1815 1199 1876 semper
1219 1796 1387 1858 narratione

222 1918 296 1980 opus
323 1899 362 1960 sit
389 1917 496 1974 necne,
531 1919 564 1961 ac
593 1899 722 1980 primum
753 1899 870 1979 quidem
897 1899 1157 1978 ApoNodoreorum
1188 1909 1387 1980 praeceptum,

222 2009 256 2060 ut
278 2017 395 2080 semper
417 2011 582 2076 enarretur,
610 2010 639 2063 et
660 2002 788 2064 rationes
810 2001 957 2082 praecepti
979 2002 1160 2065 adferuntur.
1205 2011 1269 2064 tum
1291 2006 1309 2078 ᾗ
1327 2003 1386 2065 116

221 2101 384 2164 Alexander
398 2113 427 2165 et
441 2104 561 2166 Neocles
583 2123 643 2166 nou
664 2123 780 2186 semper
795 2123 859 2166 esse
873 2105 1054 2166 narrandum
1071 2106 1204 2168 docuisse
1220 2106 1386 2168 traduntur.

222 2223 290 2284 pars
313 2208 349 2280 ἐξ
367 2208 542 2280 117-120,
566 2227 622 2287 qua
645 2217 784 2288 quattuor
802 2226 906 2268 causae
922 2209 1117 2271 narrationem
1134 2209 1386 2290 praetermittendi

222 2308 426 2384 eontinentur,
456 2310 495 2372 ita
527 2330 594 2372 cum
626 2311 759 2392 proximo
782 2311 934 2372 enuntiato
957 2330 1065 2373 conexa
1088 2323 1146 2387 est,
1175 2321 1208 2374 ut
1229 2313 1384 2374 Alexandri

223 2420 252 2474 et
273 2411 386 2474 Neoclis
409 2432 474 2476 esse
496 2415 627 2477 ducenda
651 2415 698 2476 sit.
732 2414 843 2475 accedit
864 2415 943 2493 quod
965 2413 1043 2474 Ε22
1058 2447 1090 2492 21,
1104 2448 1130 2485 24
1153 2415 1274 2477 verbum
1298 2432 1384 2499 φασι

222 2524 308 2587 extat,
332 2516 415 2578 cuius
440 2519 603 2580 subiectum
627 2518 703 2580 idem
728 2526 815 2597 atque
837 2517 918 2578 verbi
934 2532 1018 2600 φασι
1035 2517 1057 2577 E
1073 2517 1113 2578 22
1129 2548 1164 2592 ιτ,
1187 2519 1384 2580 Alexandrum

223 2629 253 2682 et
273 2620 420 2696 Neoclem,
444 2641 507 2683 esse
530 2621 688 2684 existimes.
734 2620 858 2700 denique
880 2623 917 2695 ἐξ
935 2620 1100 2682 121-123
1123 2621 1277 2683 Alexandri
1299 2621 1385 2683 verba

226 2733 400 2802 sequuntur,
423 2723 531 2802 quibus
554 2725 813 2804 Apollodoreorum
837 2725 965 2784 rationes
988 2727 1187 2786 confutantur.

307 2825 464 2906 Dispositio
485 2826 636 2908 Epitomes
662 2827 754 2908 partis
781 2829 817 2901 ἐξ
834 2826 937 2885 124-
952 2825 1029 2901 131,
1058 2847 1115 2907 qua
1142 2827 1264 2889 deloco
1286 2845 1387 2888 narra-

228 2928 315 2990 tionis
344 2928 509 3008 quaeritur,
540 2932 630 3010 priori
658 2949 782 3012 prorsus
803 2949 857 3011 par
878 2938 931 2991 est.
975 2931 1104 3011 primum
1127 2931 1386 3011 Apollodoreorum

224 3041 411 3113 praeceptum
429 3042 688 3108 commemoratur,
711 3042 746 3095 ut
767 3033 895 3094 narratio
919 3051 1035 3113 semper
1056 3033 1240 3115 prooemium
1257 3032 1387 3113 excipiat,

225 3137 272 3197 cui
295 3135 370 3196 ratio
393 3135 494 3215 paucis
516 3135 612 3197 verbis
635 3136 731 3197 addita
754 3143 807 3196 est.
842 3145 905 3198 tum
922 3139 939 3211 ᾗ
958 3135 1016 3196 125
1033 3137 1194 3199 Alexander
1220 3146 1249 3198 et
1268 3134 1388 3197 Neocles

224 3238 424 3320 ApoNodoreis
452 3238 595 3300 adversati
622 3238 783 3301 narrationi
809 3257 869 3299 non
892 3257 984 3300 unum
1009 3239 1059 3300 sed
1082 3240 1212 3302 diversos
1234 3241 1313 3301 locos
1336 3239 1387 3300 ad-

225 3342 358 3422 signasse
381 3341 529 3416 dicuntur,
545 3323 581 3403 'et
603 3345 639 3418 ἕξ
660 3340 825 3403 126-128
848 3342 978 3421 quinque
1000 3342 1055 3403 loci
1079 3351 1298 3417 enumerantur,
1321 3341 1388 3421 qui-

225 3446 281 3506 bus
303 3444 433 3506 narratio
455 3445 525 3525 poni
547 3445 649 3526 possit,
673 3445 698 3507 si
720 3463 780 3509 non
803 3446 955 3524 prooemio
979 3445 1176 3508 continuetur.
1220 3447 1292 3507 baec
1313 3464 1389 3506 euu-

226 3547 362 3622 meratio,
390 3547 420 3608 in
448 3567 505 3626 qua
526 3549 648 3609 verbum
672 3563 757 3631 φασι
780 3547 825 3608 bis
846 3548 992 3628 reperitur
1009 3549 1032 3609 E
1047 3548 1087 3608 24
1103 3579 1122 3626 2,
1135 3580 1160 3622 7,
1187 3549 1249 3630 ipsa
1272 3567 1389 3628 quoque

225 3651 264 3712 ita
293 3670 359 3713 cum
383 3651 626 3732 praecedentibus
649 3651 746 3713 verbis
768 3651 924 3712 coniuncta
947 3661 1003 3726 est,
1031 3661 1065 3713 ut
1086 3652 1121 3712 ad
1144 3653 1337 3713 Alexandrum
1360 3659 1390 3712 et

225 3754 361 3816 Neoclem
395 3755 547 3816 referenda
578 3755 625 3816 sit.
675 3764 705 3816 at
731 3755 927 3816 Alexandrum
960 3754 1074 3816 duobus
1099 3761 1213 3815 tantum
1239 3755 1310 3816 loeis
1338 3763 1389 3816 aut

226 3867 293 3919 aute
317 3859 598 3938 argumentationem
623 3867 674 3920 aut
695 3858 726 3919 iu
741 3857 994 3938 argumentatione
1008 3857 1071 3938 ipsa
1086 3856 1282 3919 narrationem
1298 3857 1388 3918 collo-

226 3961 346 4022 candam
369 3980 432 4022 esse
453 3961 602 4022 censuisse
617 3970 647 4022 et
662 3980 721 4035 eos,
745 3961 795 4039 qui
810 3960 882 4022 alios
897 3980 1014 4040 quoque
1028 3961 1109 4021 locos
1125 3960 1150 4020 ei
1166 3959 1387 4034 concessissent,

225 4064 414 4144 impugnasse
436 4083 452 4125 e
473 4063 569 4124 verbis
592 4067 628 4139 ἐξ
646 4063 836 4137 129-131,
859 4083 933 4143 quae
955 4062 1111 4125 Alexandri
1133 4081 1243 4124 nomen
1265 4081 1334 4143 prae
1358 4082 1389 4124 se

294 4255 305 4287 ¹
323 4253 439 4320 Quintam
463 4262 558 4322 partem
576 4254 767 4320 35136-142,
791 4271 838 4321 qua
856 4255 887 4305 de
905 4254 1048 4305 elocutione
1068 4253 1225 4304 narrationis
1242 4254 1335 4318 agitur,
1357 4253 1388 4304 ab

228 4323 395 4404 epitomatore
415 4324 543 4389 excerptis
562 4324 666 4374 secundi
685 4325 715 4375 de
734 4325 882 4374 inventione
900 4323 964 4372 tomi
982 4324 1102 4372 adnexam
1121 4336 1177 4372 esse
1196 4337 1271 4388 supra
1289 4322 1389 4372 demon-

227 4399 373 4442 stravimus.
