3538 5212
833 383 871 392 -.
921 348 1052 410 24.-

403 516 457 586 ότε
481 517 536 606 (ἐν
550 531 624 596 ταῖς
643 520 797 606 πίστεσι)
815 522 870 584 καί
887 522 969 604 μετὰ
988 521 1046 596 τάς
1062 525 1204 598 πίστεις,
1229 518 1339 605 ὥσπερ
1359 522 1524 605 Αἰσχίνην

401 629 437 688 τέ
459 641 564 709 φασιν
586 625 621 688 ἓν
642 625 687 708 τῷ
710 624 789 686 κατδ
811 622 979 708 Τιμάρχου
995 627 1215 710 πεποιηκέναι
1231 625 1285 687 καὶ
1303 628 1524 708 Δημοσθένην

402 727 437 792 ἓν
458 751 502 812 τῳ
526 727 609 790 κατὰ
630 727 775 791 Μειδίου
798 729 830 809 (§
848 728 1019 810 77-126).
1063 728 1159 791 τοῦτο
1182 728 1214 791 δ’
1238 723 1405 810 ἁρμόζειν,
1428 724 1523 812 ἡνίκα

405 830 484 917 (ἄν)
522 830 730 912 ἰσχυρότερον
764 852 796 893 οι
828 829 992 894 ἀντίδικοι
1019 829 1335 914 προδιαβεβληκότες
1367 847 1429 907 ωσι
1467 829 1525 903 τὰς

401 931 584 1018 διηγήσεις·
614 931 896 1015 προμαλαχθέντα
925 933 988 1013 γάρ
1015 935 1071 998 τὸν
1099 931 1258 1017 δικαστήν
1283 945 1357 1008 ταῖς
1389 937 1559 998 πίστεσι5

403 1037 524 1122 ρριδίως
546 1034 799 1119 παραδέχεσθαι
821 1059 879 1120 την
901 1022 1064 1122 διήγησιν.
1104 1036 1174 1098 128.
1198 1035 1290 1120 παρὰ
1305 1033 1438 1119 μενοῦν
1455 1043 1525 1120 Δη-

402 1143 527 1224 μητρίῳ
559 1140 605 1222 τῷ
634 1139 781 1222 Φαληρει
812 1158 917 1223 φασιν
950 1139 985 1203 ἐν
1012 1137 1155 1223 ἐπιλόγῳ
1188 1139 1244 1201 καί
1271 1141 1341 1222 μετ’
1369 1137 1526 1218 ἐπίλογον

402 1246 540 1306 κεῖσθαι
569 1202 732 1325 διήγησιν·
762 1239 917 1325 ἁρμόζειν
945 1242 1006 1325 γάρ
1033 1244 1070 1307 τό
1099 1245 1263 1319 τοιοῦτον,
1292 1238 1372 1306 ὅταν
1394 1236 1526 1326 σφόδρα

405 1343 473 1408 ὐπὸ
494 1347 560 1410 τῶν
581 1344 769 1432 κατηγόρων
791 1347 1052 1430 καταληφθῶσιν
1080 1344 1113 1410 οἳ
1141 1347 1303 1410 δικασταί.
1356 1347 1425 1408 129.
1449 1343 1467 1409 6
1491 1343 1526 1407 δὲ

355 1445 568 1532 Ἀλέξανδρος
600 1450 666 1532 πρὸ
698 1449 757 1534 μὲν
789 1449 852 1512 τῶν
886 1448 1032 1513 πίστεων
1068 1465 1151 1534 φησι
1193 1449 1266 1513 δεῖν
1303 1448 1432 1514 τάττειν
1468 1449 1526 1532 τήν
1548 1471 1580 1522 10

360 1549 514 1636 διήγησιν
542 1551 562 1636 ἢ
588 1552 624 1618 ἐν
650 1547 768 1628 αόταίς
794 1564 867 1627 ταῖς
894 1557 1040 1629 πίστεσι,
1065 1556 1088 1630 †
1111 1556 1290 1636 μερίσαντα
1316 1552 1525 1630 τοδςλογισ-

360 1652 453 1738 μοός,
477 1655 533 1718 καὶ
556 1655 631 1730 τούς
654 1655 713 1738 μὲν
735 1654 961 1740 προσήκοντας
989 1654 1195 1738 προτάττειν,
1222 1655 1297 1730 τοδς
1319 1655 1357 1719 δὲ
1379 1655 1525 1738 ἐνμέσῳ

359 1761 508 1834 τιθέναι,
526 1757 759 1834 διατάττοντας
771 1760 830 1843 τήν
839 1760 904 1822 τῶν
915 1758 1124 1842 λειπομένων
1133 1757 1288 1843 διήγησιν
1299 1762 1332 1837 †.
1357 1759 1428 1821 130.
1445 1757 1527 1840 μετὰ

360 1860 476 1935 δὲτὰς
499 1867 629 1936 πίστεις
652 1859 758 1926 οὐκέτι
782 1862 865 1946 φησὶ
887 1861 959 1925 δεῖν
981 1863 1191 1945 διηγεῖσθαι·
1215 1863 1310 1926 δυοῖν
1333 1861 1393 1944 γάρ
1421 1865 1525 1936 ἕνεκα,

359 1959 401 2038 οἷς
424 1964 458 2028 ἐν
480 1975 550 2039 τοῖς
572 1962 722 2048 ἀνωτέρω
746 1964 1000 2050 προειρήκαμεν,
1024 1963 1193 2048 δηλώσεως
1213 1989 1248 2028 τε
1270 1964 1325 2028 καὶ
1349 1966 1522 2038 συνέσεως,
1547 1984 1579 2038 15

268 2051 272 2060 ⁸
360 2065 418 2140 τάς
446 2065 614 2150 διηγήσεις
644 2069 790 2153 λέγομεν.
838 2070 941 2132 ταῦτα
968 2068 1005 2132 δὲ
1034 2066 1206 2153 ἀμφότερα
1233 2069 1263 2130 εἰ
1290 2067 1351 2150 μὲν
1378 2065 1437 2130 διὰ
1463 2067 1527 2129 τῶν
1546 2083 1599 2135 443

362 2173 507 2234 πίστεων
529 2174 652 2252 γέγονε,
676 2172 811 2256 περιττή
834 2170 956 2236 λοιπὸν
977 2168 996 2255 ή
1020 2169 1182 2256 διήγησις,
1207 2170 1290 2234 εἰδὲ
1306 2168 1348 2252 μή
1372 2168 1419 2231 δι’
1443 2165 1527 2229 exet-

429 2349 484 2404 4
468 2370 503 2406 αν
528 2355 574 2404 add
602 2355 694 2422 Saupp'
686 2371 726 2406 nus
759 2353 768 2422 Ι)
803 2352 1013 2426 προβεβληκότες
1035 2354 1054 2405 P
1081 2355 1182 2406 eorrexi
1235 2356 1249 2406 8
1278 2351 1448 2437 σιμοδρότερα
1469 2353 1528 2416 Seg,

363 2415 581 2502 σδρότερονῙί
634 2427 663 2475 11
682 2425 768 2474 malim
784 2428 947 2507 μερίσαντας
959 2424 992 2490 Sp
1046 2425 1076 2474 12
1094 2421 1262 2493 προήκοντας
1279 2422 1448 2492 προτάττειν,
1468 2419 1529 2477 τοὺς

363 2489 380 2541 δ
411 2489 449 2542 ἰδί
438 2493 466 2558 ία
483 2485 634 2556 τάττοντας,
651 2491 682 2545 iv
697 2494 773 2561 μέσῳ
789 2493 894 2544 τιθέναι
911 2487 998 2556 τήν..
1019 2486 1182 2559 διήγησιν11

362 2650 564 2713 Aristogitonem
578 2657 604 2700 et
615 2651 768 2716 Archippum
782 2651 917 2714 orationis,
930 2651 960 2700 de
973 2665 1019 2716 qua
1032 2650 1104 2700 Dion.
1119 2650 1173 2712 agit
1185 2651 1215 2699 de
1228 2647 1299 2700 isaeo
1313 2665 1350 2714 ep.
1363 2649 1401 2700 15.
1429 2647 1528 2697 utrobi-

363 2733 410 2784 que
437 2719 502 2768 eninr
528 2725 601 2783 parte
628 2719 803 2784 probationum
817 2719 970 2799 'praemissa
997 2727 1099 2768 ceterae
1125 2725 1210 2785 parles
1236 2717 1391 2768 narrationis
1414 2716 1528 2782 partibus

363 2787 555 2849 subiunguntur.
591 2803 638 2852 qua
661 2789 691 2837 de
715 2802 790 2836 eausa
815 2788 841 2836 in
860 2786 1010 2837 Timarebea
1027 2789 1142 2838 narratio
1161 2803 1209 2836 nen
1228 2794 1286 2852 post
1304 2785 1466 2864 probationes
1485 2785 1528 2834 sed

363 2857 388 2905 in
406 2855 469 2920 ipsis
488 2855 680 2920 probationibus
698 2855 780 2920 posita
799 2871 854 2905 esse
873 2857 978 2905 dioenda
997 2863 1054 2906 erat
1073 2871 1150 2920 neque
1170 2855 1280 2904 dubitari
1299 2861 1391 2934 potest,
1409 2853 1530 2918 qninv
1482 2851 1530 2917 <ie

363 2925 433 2979 ταῖς
458 2924 612 2988 πίστεσι)
633 2925 796 2990 supplendum
820 2925 863 2985 sit,
890 2924 916 2974 id
935 2926 1005 3004 qnod
1019 2924 1098 2974 verba
1119 2923 1196 3005 {128
1219 2921 1249 2974 έν
1268 2916 1390 2989 ἐπιλόγῳ
1407 2922 1453 2972 καὶ
1470 2919 1530 2987 μετ’

361 2990 490 3058 ἐπίλογον
512 2999 538 3042 et
560 2993 698 3042 Alexandri
720 2993 799 3042 verba
817 2991 833 3056 ξ
852 2961 900 3042 129
918 2990 947 3042 ἒν
973 2985 1066 3048 αὐτοῖς
1088 2995 1145 3048 ταῖς
1166 2995 1275 3063 πίστεσι
1298 2994 1411 3041 suadent.
1446 2988 1462 3054 §
1481 2988 1528 3038 129

363 3061 444 3110 Auen.
462 3058 517 3125 Spl
535 3060 610 3112 2311
636 3061 731 3125 duplioi
758 3061 829 3110 modo
858 3061 1030 3110 narrationem
1057 3061 1156 3144 disppni
1180 3056 1254 3123 posse
1277 3061 1351 3110 δοιοί
1372 3055 1419 3114 τὰς
1441 3057 1530 3122 6noy7

363 3129 453 3210 γελίας
478 3123 655 3212 συνάψομεν
664 3145 700 3209 τῳ
726 3132 865 3196 προοιμίῳ
833 3123 975 3178 ίκαὶ
959 3148 975 3194 η
997 3146 1036 3178 πα
1057 3147 1073 3178 α
1097 3126 1129 3178 τότ
1151 3131 1220 3204 μέρη
1242 3124 1344 3182 πιστὰς
1363 3128 1409 3177 καὶ
1427 3123 1531 3180 δικαίας

364 3191 571 3264 ἀποφανοῦμεν,
590 3191 706 3257 ήαύτόις
722 3195 764 3262 ἐφ’
782 3195 884 3248 ἑαυτῶν
902 3125 1090 3265 σωματοειδε1ς
1106 3187 1292 3263 ποιησόμεθα.
1326 3210 1473 3262 perversum
1491 3201 1531 3244 est

365 3267 428 3330 quod
448 3265 529 3314 Anax.
549 3281 585 3331 ep.
599 3265 629 3316 31
651 3273 706 3314 tres
724 3265 810 3315 modos
830 3266 985 3316 narrationis
1004 3266 1174 3332 disponendae
1193 3279 1249 3315 esse
1267 3265 1339 3328 dicit,
1362 3279 1415 3313 nam
1436 3264 1530 3328 primus

365 3339 391 3384 et
413 3333 508 3382 tertius
531 3335 617 3382 modus
640 3349 667 3382 re
689 3348 752 3384 vera
775 3334 873 3384 diversi
897 3351 944 3383 non
967 3342 1033 3384 sunt.
1071 3333 1208 3398 Dionysius
1231 3342 1315 3383 autern
1338 3341 1392 3382 tres
1414 3333 1530 3381 diversos

364 3403 451 3484 mpdos
476 3401 580 3480 exponit
601 3416 696 3478 eosque
721 3401 751 3450 ab
770 3400 841 3451 laneo
864 3403 990 3452 adhibitos
1013 3417 1068 3452 esse
1090 3403 1247 3452 demonstrat
1265 3403 1295 3452 de
1313 3402 1383 3452 isaeo
1402 3415 1439 3466 ep
1455 3401 1484 3450 14
1495 3415 1530 3464 sq

364 3465 412 3524 τὰς
430 3461 607 3550 διηγήσεις’
577 3485 635 3519 τοτε
647 3469 737 3536 μὲν..
751 3467 848 3520 .έν
816 3487 846 3540 τη
865 3466 1041 3554 προσηκοήση
1054 3472 1146 3534 τίθησι
1156 3461 1235 3536 χώρᾳ
1247 3471 1275 3530 (1.
1289 3485 1309 3519 e.
1323 3476 1379 3536 post
1394 3468 1531 3532 prooemia)

405 3535 487 3589 ,τότε
512 3536 541 3588 δὲ
565 3541 677 3606 μερίσας
703 3533 783 3617 αὐτής
809 3541 846 3594 είς
872 3537 905 3590 τὰ
931 3524 1066 3618 κεφάλάια
1089 3539 1134 3588 καὶ
1155 3538 1219 3607 παρ
1242 3535 1355 3588 ἕκαστον
1378 3533 1466 3588 αὐτῶν
1485 3534 1531 3590 τὰς

363 3573 468 3662 πίστεις
490 3607 691 3676 παρατιθείς.
706 3599 796 3656 ,τότε
815 3605 844 3658 δὲ
862 3600 1141 3676 προκατασκευάζεταί
1155 3623 1216 3658 τινα
1235 3602 1290 3671 πρὸ
1310 3607 1363 3656 τῶν
1381 3601 1532 3685 διηγήσεων

364 3664 519 3754 πράγματα.
557 3676 657 3724 eosdem
679 3681 733 3724 tres
755 3675 842 3724 modos
865 3677 1007 3726 Alexander
1030 3690 1190 3726 enumerasse
1214 3675 1325 3726 videtur.
1363 3676 1442 3725 verba
1465 3673 1531 3722 enim

365 3733 532 3794 τάττειντ.
551 3741 575 3792 δ.
594 3741 628 3792 έν
651 3739 769 3798 αὐταῖς
790 3745 860 3798 ταῖς
879 3747 1016 3794 πίστεσι
1033 3744 1083 3794 diei
1103 3758 1151 3792 non
1170 3752 1284 3810 possunt,
1307 3744 1330 3793 si
1350 3743 1462 3792 narratio
1481 3758 1529 3792 non

366 3817 420 3861 tota
438 3811 630 3876 probationibus
648 3810 787 3860 includitur
805 3813 847 3861 sed
870 3827 926 3876 pars
945 3813 1102 3862 narrationis
1121 3813 1159 3862 eis
1178 3813 1359 3877 praemittitur.
1395 3813 1434 3861 bis
1453 3811 1532 3874 igitur

365 3880 452 3929 verbis
471 3881 575 3930 eundem
594 3879 692 3927 rnodunn
711 3880 866 3929 narrationis
885 3881 1061 3945 disponendae,
1079 3881 1121 3946 qui
1135 3881 1212 3930 tertio
1225 3881 1281 3930 loeo
1294 3896 1308 3929 a
1321 3879 1393 3930 Dion.
1406 3887 1533 3930 tractatur

366 3947 408 4009 (ef.
428 3964 490 4012 quae
514 3949 544 3996 de
562 3948 709 3998 Timarchea
734 3949 763 3996 ad
788 3947 864 4012 §127
887 3950 1083 4012 adnotavimus),
1110 3950 1195 3999 verbis
1212 3952 1401 4016 μερίσαντα
1422 3945 1474 3998 κτέ
1492 3962 1532 3996 se·

366 4019 472 4065 eundum
495 4016 558 4082 apud
581 4017 685 4080 Dionys.
710 4015 807 4065 modum
829 4018 968 4080 significari
990 4018 1125 4098 putandpm
1148 4023 1194 4067 est.
1231 4033 1293 4082 quae
1316 4017 1394 4068 verba
1419 4017 1454 4066 ita
1478 4013 1532 4065 iere

366 4086 524 4134 restituenda
551 4091 611 4134 sunt
632 4067 676 4149 <ή>
700 4088 850 4152 μερίσαντα
876 4083 936 4138 τοὺς
962 4082 1111 4152 λογισμοὺς
1132 4087 1189 4146 (sel.
1214 4085 1367 4136 narrationis
1391 4087 1406 4135 i.
1424 4101 1445 4135 e.
1467 4085 1532 4134 idem

367 4153 431 4218 quod
451 4153 523 4202 Dion.
541 4149 674 4220 κεφάλαια
693 4153 815 4214 nominat)
833 4155 879 4203 καὶ
896 4149 957 4208 τοὺς
973 4153 1024 4220 μὲν
1040 4147 1227 4223 προσήκοντας
1238 4144 1405 4232 προτάττειν,
1423 4151 1488 4208 τοὺς
1505 4152 1534 4204 δὲ

368 4219 569 4288 (λειπομένους)
597 4220 627 4272 ἐν
654 4222 729 4289 μέσῳ
755 4221 812 4283 (sel.
840 4223 1029 4306 probationum)
1054 4224 1172 4284 τιθέναι,
1204 4215 1379 4274 διατάττοντα
1406 4218 1456 4286 τήν
1480 4221 1534 4272 τῶν

366 4289 537 4366 λειπομένων
563 4283 689 4355 διήγησιν
716 4285 798 4356 <earet
825 4288 874 4346 τὰς
898 4283 1019 4342 ἑκάστων
1045 4291 1134 4345 αἰτίας
1160 4259 1191 4340 e’r.
1210 4289 1311 4356 §133>.
1348 4289 1364 4354 ξ
1385 4290 1432 4340 130
1452 4308 1533 4360 προ-

367 4348 551 4425 ειρήκαμεν
568 4358 593 4406 in
612 4357 628 4422 ξ
644 4358 698 4410 121.
