3536 5208
691 413 733 422 —
779 375 888 440 XXIII
935 413 972 422 —

251 554 505 627 22227=81⁶,
538 552 599 613 222
615 579 697 624 ³0:
713 554 752 616 80
768 585 803 627 11,
826 552 1141 624 2233-2241=81
1159 583 1224 623 8-19
1247 553 1295 626 (CI.
1320 552 1417 628 7623),

251 657 313 719 224
327 657 440 728 4281
461 689 497 729 31,
519 656 725 726 22420=82
739 687 761 731 a,
784 655 937 726 224995·-
951 656 1038 727 822⁶,
1063 653 1317 735 2211128211).
1340 656 1418 717 111181·

251 781 294 832 ea,
317 781 391 841 quae
406 761 560 822 Geometra
575 760 704 820 Theonis
726 759 823 820 verbis
845 759 963 834 addidit,
987 769 1046 821 tres
1062 759 1218 839 particulae
1242 767 1320 831 sunt,
1343 777 1418 838 quae

251 883 286 924 ex
308 863 442 944 Epitoma
464 863 591 942 pendere
619 863 763 924 videntur.
813 862 952 926 adiectiva
979 873 1120 945 μακραῖς
1147 863 1202 926 καὶ
1230 859 1416 944 ἀπηρτημέ-

251 987 324 1039 ναις
339 966 375 1025 W
391 967 417 1026 11
432 965 492 1026 221
510 995 535 1036 n
558 966 669 1026 nomini
692 961 917 1046 παρεκβάσεων
940 965 1080 1045 adposita,
1103 964 1206 1039 λέξεις
1220 963 1417 1047 γλωσσημα-

251 1071 341 1131 renai
373 1069 409 1128 W
433 1068 562 1138 112235
595 1069 722 1130 Theonis
757 1089 807 1131 sex
840 1069 995 1148 generibus
1028 1070 1184 1131 verborum
1218 1069 1418 1152 perspicuitati

251 1173 420 1234 nocentium
456 1171 592 1245 adiectae,
626 1183 813 1253 praeceptum
848 1173 884 1232 W
914 1173 938 1233 11
964 1171 1026 1234 226
1046 1203 1069 1246 0,
1101 1183 1134 1235 ut
1165 1171 1202 1235 τὸ
1232 1172 1333 1256 μῆκος
1354 1170 1419 1234 τῶν

251 1271 419 1358 περιόδων
441 1275 559 1348 vitetur,
583 1276 605 1336 E
622 1277 660 1336 17
677 1307 711 1349 12,
726 1308 761 1349 1⁴,
777 1307 803 1345 1⁶
824 1277 1022 1356 reperiuntur.

335 1364 484 1440 ln'altera
513 1386 604 1458 parte,
631 1397 689 1457 qua
716 1378 751 1438 de
779 1377 921 1439 brevitate
948 1379 1057 1458 agitur,
1080 1380 1234 1441 Geometra
1255 1378 1361 1458 primo,
1386 1386 1420 1438 ut

251 1482 353 1542 modos
381 1479 531 1541 brevitatis
558 1478 593 1541 ἐκ
620 1475 824 1561 πραγμάτων
849 1481 1018 1543 efficiendae
1045 1490 1218 1562 exponeret,
1246 1481 1344 1541 eadem
1373 1479 1418 1539 via

249 1594 335 1663 atque
358 1583 388 1643 in
411 1593 493 1663 parte
515 1583 666 1664 superiore
698 1583 850 1662 processit.
899 1585 982 1646 Initio
1013 1585 1090 1645 enim
1125 1592 1265 1664 quattuor
1290 1581 1419 1643 Theonis

250 1695 402 1766 praecepta
425 1686 536 1765 recepit
558 1695 587 1747 et
609 1705 663 1748 suo
683 1705 764 1748 more
785 1686 915 1749 dilatavit
937 1689 1212 1768 (W11229,14‚2,‚
1235 1685 1296 1748 230
1312 1717 1333 1759 ³,
1349 1711 1418 1754 μ·-

252 1790 292 1868 Sp
306 1790 332 1850 lI
348 1788 387 1850 83
404 1820 439 1862 19,
455 1820 489 1861 n,
505 1820 539 1863 ῃ,
556 1789 604 1868 20).
653 1790 756 1850 deiude
772 1790 808 1850 W
824 1791 848 1850 11
863 1791 952 1862 2309
973 1789 1187 1868 ταυτολογίαν
1208 1789 1302 1851 caveri
1321 1787 1417 1862 iussit,

250 1891 334 1952 cuius
356 1910 415 1952 non
437 1893 514 1972 apud
537 1893 686 1953 Theonem
711 1893 763 1952 sed
785 1893 897 1968 E§68
922 1896 1032 1956 mentio
1054 1896 1096 1956 iit.
1141 1903 1203 1954 tum
1227 1891 1420 1961 111123οῃ

250 1995 434 2056 enuntiatum
463 1994 592 2056 Theonis
620 1997 659 2075 Sp
676 1995 701 2056 11
725 1994 764 2056 80
779 2029 800 2070 2,
830 2017 890 2076 quo
918 2017 966 2058 res
988 1998 1168 2059 offendentes
1191 2005 1221 2057 et
1242 1995 1419 2056 delectantes

250 2098 372 2159 diversis
396 2098 491 2158 modis
513 2098 678 2160 tractandas
701 2118 765 2160 esse
788 2101 936 2169 docetur¹,
960 2102 995 2162 ad
1019 2101 1139 2161 verbum
1163 2097 1325 2178 descripsit.
1370 2097 1419 2158 ubi

249 2210 347 2263 autem
370 2199 473 2273 λέξεις
495 2209 524 2262 et
548 2198 698 2283 σχήματα
714 2201 849 2264 brevitati
869 2205 950 2266 utilia
965 2203 1010 2264 vel
1025 2204 1110 2264 noxia
1126 2220 1299 2264 enumerare
1314 2201 1419 2281 eoepit,

249 2324 308 2366 non
332 2304 390 2365 iam
413 2305 526 2366 Theoni
547 2305 658 2385 primas
681 2306 793 2367 detulit.
828 2307 876 2367 cui
898 2307 958 2368 sola
980 2318 1142 2386 praecepta,
1166 2315 1200 2367 ut
1222 2303 1368 2368 σύνθετα
1391 2313 1420 2365 et

249 2407 359 2490 μακρὰ
385 2410 532 2470 evitentur
561 2407 611 2487 (W
630 2407 656 2468 11
677 2407 738 2469 230
759 2439 786 2478 2⁸
812 2409 872 2470 231
890 2441 930 2482 Ῑς,
951 2439 976 2480 27
991 2437 1034 2464 =
1051 2411 1091 2490 Sp
1113 2410 1138 2470 11
1159 2409 1199 2471 84
1221 2440 1262 2483 14,
1280 2409 1320 2488 15)
1347 2427 1420 2470 neve

212 2552 218 2570 .
251 2512 394 2573 sententia
418 2529 471 2592 pro
487 2511 628 2572 vocabulo
643 2511 815 2572 adhibeatur
830 2512 878 2587 (W
893 2513 919 2573 11
935 2513 994 2578 231
1012 2545 1034 2588 3,
1058 2513 1120 2576 233
1136 2546 1149 2582 3
1164 2539 1206 2564 =
1222 2512 1262 2592 Sp
1277 2512 1303 2573 ll
1319 2509 1420 2591 8410),

249 2626 279 2677 et
301 2617 466 2696 exemplum
491 2609 690 2694 συνωνύμων
712 2614 761 2694 (W
776 2615 802 2675 11
817 2615 876 2677 231
894 2643 977 2686 21:
993 2616 1032 2696 Sp
1048 2616 1072 2676 li
1088 2615 1128 2676 84
1143 2615 1169 2694 9)
1197 2615 1329 2688 debetur,
1351 2615 1419 2696 plu-

249 2719 323 2780 rima
347 2727 499 2798 praecepta
523 2717 602 2796 paria
626 2717 769 2790 cumeis,
793 2737 867 2797 quae
889 2719 912 2778 E
934 2723 971 2794 ἓξ
986 2718 1111 2780 09-78
1134 2718 1261 2782 exhibet.

334 2824 366 2883 In
389 2821 431 2882 eis
454 2819 588 2898 denique,
612 2839 686 2898 quae
702 2821 856 2882 Geometra
876 2823 912 2882 de
928 2821 1118 2883 credibilitate
1133 2820 1301 2901 disputavit,
1324 2839 1417 2882 unum

251 2935 363 2987 tantum
386 2933 555 3003 excerptum
572 2923 701 2984 Theonis
717 2924 945 3004 deprehenditur
960 2925 1008 3004 (W
1023 2925 1049 2985 11
1064 2923 1160 2995 aaut
1171 2951 1213 2975 π
1224 2924 1264 3004 Sp
1281 2923 1305 2984 11
1321 2922 1418 3003 8419).

250 3038 343 3090 cetera
366 3027 452 3089 etiam
478 3027 568 3106 magis
591 3045 679 3105 quam
702 3027 851 3107 superiora
880 3045 946 3088 cum
971 3027 1103 3107 Epitoma
1133 3027 1311 3107 conspirant,
1334 3027 1418 3089 cuius

249 3136 286 3207 ἐξ
302 3131 426 3194 89-98
449 3131 545 3191 omnia
569 3140 720 3210 praecepta
743 3151 758 3191 a
782 3131 935 3191 Geometra
959 3130 1057 3192 adlata
1073 3131 1270 3191 continentur.

334 3235 426 3296 Locos
449 3233 696 3308 enumeravimus,
719 3233 826 3313 quibus
850 3233 1021 3293 Geometrae
1044 3252 1110 3294 cum
1127 3233 1259 3313 Epitoma
1283 3234 1417 3312 cognatio

249 3339 357 3418 patefit.
402 3345 434 3398 ut
456 3337 641 3397 Geometram
664 3355 724 3398 non
748 3336 901 3417 Epitomen
926 3335 975 3396 sed
990 3335 1097 3396 ¹hrtem
1121 3335 1213 3416 ipsam
1239 3337 1418 3417 excerpsisse

248 3440 466 3521 comprobetur,
490 3439 560 3499 satis
584 3448 629 3499 est
651 3457 743 3499 unum
768 3440 938 3500 Geometrae
960 3439 1056 3500 locum
1087 3439 1140 3500 tibi
1163 3457 1334 3520 proponere,
1358 3459 1416 3519 quo

249 3563 317 3605 eum
345 3552 533 3623 praeceptum
561 3543 639 3602 Artis
665 3544 695 3602 in
725 3543 859 3624 Epitoma
887 3541 1028 3603 omissum
1054 3562 1183 3604 servasse
1205 3551 1337 3622 apertum
1361 3552 1416 3603 est.

249 3647 324 3721 E§§
339 3646 461 3708 69-71
488 3655 643 3726 antequam
668 3647 777 3724 figurae
799 3647 932 3708 brevitati
953 3655 1091 3707 nocentes
1107 3646 1306 3719 nominantur,
1329 3664 1414 3725 prae·

249 3748 396 3832 scribitur,
421 3759 455 3810 ut
477 3750 696 3829 breviloquendi
719 3749 878 3812 studiosus
891 3751 950 3812 duo
966 3767 1070 3828 genera
1086 3749 1303 3822 vocabulorum,
1327 3767 1415 3828 syno-

249 3869 336 3931 nyma
363 3861 393 3912 et
419 3852 559 3932 epitheta,
599 3853 690 3932 fugiat
716 3863 745 3914 et
773 3872 1002 3934 synonymorum
1032 3853 1162 3913 breviora
1189 3851 1283 3929 eligat.
1340 3851 1416 3912 Geo-

249 3965 342 4014 metra
364 3955 427 4034 ipse
449 3976 566 4035 quoque
590 3956 646 4017 sub
668 3956 784 4017 initium
804 3975 917 4031 eorum,
939 3975 1012 4035 quae
1028 3955 1063 4015 de
1078 3953 1219 4014 brevitate
1241 3949 1276 4014 ἐκ
1298 3951 1416 4026 λέξεως

250 4057 400 4118 efficienda
433 4059 558 4132 disserit,
593 4058 692 4119 eadem
728 4059 782 4120 tria
816 4067 967 4139 praecepta
1001 4059 1101 4119 eodem
1135 4056 1256 4130 ordine,
1273 4075 1360 4135 quem
1384 4056 1415 4117 in

318 4316 328 4348 ¹
346 4317 397 4366 Hoc
416 4317 571 4367 enuntiatum
589 4335 602 4368 a
619 4318 722 4368 Tbeone
740 4318 764 4366 in
782 4317 832 4366 aiio
851 4315 1032 4365 sententiarum
1052 4329 1116 4363 nexu
1135 4315 1244 4380 positum
1263 4315 1364 4364 minine
1383 4316 1414 4364 od

250 4384 386 4436 brevitatis
406 4393 539 4452 praccepta
556 4387 669 4452 quadrat,
688 4387 754 4435 iuter
772 4400 835 4451 quae
854 4382 990 4434 Geometra
1008 4383 1155 4434 collocavit.
