3536 5208
665 427 708 438 -
754 390 857 456 XLIX
904 426 944 438 --

228 592 279 634 sua
311 580 373 632 arte
405 588 594 633 enumerasse
626 569 847 650 Cornutumque
879 569 946 631 inde
980 572 1017 643 ἐς
1041 567 1166 630 72-78
1199 568 1387 648 descripsisse

227 674 378 754 probabile
400 681 452 736 est.

312 777 433 838 Cornuti
456 777 490 838 de
513 776 689 838 narrationis
704 775 862 838 virtutibus
884 775 1046 857 praeceptis
1067 775 1145 838 inter
1166 783 1300 838 auctores
1319 796 1388 838 suos

228 880 392 942 distributis
418 881 500 941 lacile
526 879 663 959 explicari
690 889 796 960 potest,
822 899 897 959 quae
924 879 1056 960 cognatio
1085 878 1206 940 Cornuti
1232 879 1294 941 Arti
1320 899 1388 940 cum

228 982 355 1044 Theonis
370 982 636 1063 Progymnasmetis
659 984 706 1044 sit.
751 981 910 1062 inquibus
933 982 1024 1043 multe
1047 1001 1148 1043 eorum
1165 981 1286 1044 Cornuti
1305 1001 1390 1062 pree-

227 1082 389 1165 ceptorum‚
422 1105 496 1165 quae
528 1085 626 1147 Neocli
658 1085 862 1157 attribuimus,
895 1085 1017 1147 redeunt
1048 1094 1077 1146 et
1109 1085 1249 1147 nonnulla
1278 1085 1389 1147 eisdem

227 1197 314 1267 atque
340 1188 369 1250 in
401 1188 535 1268 Epitoma
562 1188 658 1250 verbis
685 1208 830 1269 expresse.
874 1189 1044 1250 Theoneml
1071 1197 1169 1250 autem
1199 1207 1259 1248 non
1285 1187 1389 1249 Neocle

227 1291 290 1372 ipso
313 1311 401 1353 usum
424 1311 488 1354 esse
510 1311 545 1354 eo
568 1292 784 1372 comprobatur,
807 1291 886 1371 quod
908 1291 955 1352 ille
974 1301 1089 1372 praeter
1103 1289 1290 1352 Anaximenis
1305 1310 1390 1370 prae-

227 1403 309 1475 cepta
329 1395 385 1475 ipsi
406 1414 473 1456 cum
495 1394 648 1457 Cornificio
664 1395 802 1457 Cicerone
817 1395 922 1456 Neocle
937 1394 1104 1456 communia
1121 1395 1169 1469 (cl.
1182 1394 1249 1455 adn.
1262 1393 1350 1454 XLVI
1364 1396 1390 1474 1)

228 1499 285 1560 duo
319 1499 373 1560 alia
405 1499 593 1560 Anaximenis
627 1507 778 1580 praecepta
810 1498 928 1559 exhibet
961 1499 1013 1578 (Sp
1033 1499 1060 1559 ll
1088 1497 1189 1572 80133
1219 1498 1391 1569 8319=l

227 1601 289 1663 219
304 1634 339 1673 ιι,
363 1601 424 1663 240
439 1623 465 1676 ³3
488 1602 600 1679 2401).
645 1602 772 1665 eundem
795 1602 943 1663 rhetorem
967 1600 1038 1662 haec
1056 1613 1086 1662 et
1100 1602 1147 1662 illa
1163 1603 1199 1663 ab
1213 1602 1390 1664 Anaximene

228 1704 369 1784 repetisse
385 1706 445 1766 veri
468 1705 650 1766 simiNimum
674 1715 727 1768 est.
771 1705 890 1778 accedit,
913 1705 990 1784 quod
1013 1703 1093 1765 Theo
1110 1724 1169 1766 uno
1191 1705 1391 1768 eredibilitatis

228 1816 382 1888 praecepto
404 1807 495 1888 magis
510 1827 599 1888 quam
614 1807 734 1870 Neocles
749 1828 816 1871 curn
834 1809 972 1871 Cicerone
989 1806 1200 1888 Cornifieioque
1216 1809 1391 1870 consentit².

229 1909 349 1972 Neocles
371 1910 460 1990 igitur
480 1919 510 1974 et
531 1912 612 1974 Theo
634 1921 664 1974 et
686 1922 787 1975 auctor
809 1913 879 1974 artis
902 1911 1022 1973 Latinae
1044 1931 1060 1972 a
1082 1910 1236 1973 Cornificio
1258 1922 1288 1974 et
1309 1912 1392 1974 Cice-

231 2033 303 2085 rone
325 2014 469 2076 adhibitae
491 2033 526 2075 ex
549 2015 650 2076 eodem
673 2018 789 2078 rhetore
812 2017 921 2078 Graeco
943 2015 1070 2096 pendere
1092 2014 1228 2076 sumendi
1251 2025 1329 2076 sunt.

324 2119 384 2180 lam
412 2137 485 2198 quae
508 2117 631 2181 Cornuti
660 2120 695 2181 de
716 2119 893 2181 narrationis
915 2117 1073 2180 virtutibus
1096 2125 1247 2198 praecepta
1269 2118 1300 2178 in
1321 2118 1392 2198 Epi-

228 2230 306 2282 toma
339 2221 440 2284 deesse
469 2241 543 2302 quae
572 2222 681 2285 ibidem
711 2223 837 2285 breviata
865 2231 895 2284 et
921 2224 1042 2284 confusa
1069 2240 1133 2283 esse
1159 2220 1392 2301 cognoverimus,

228 2323 426 2385 adnotandum
452 2334 507 2387 est.

311 2428 411 2489 Primo
432 2429 496 2490 loco
519 2431 555 2504 ἐξ
570 2428 695 2491 65-68
718 2438 856 2509 quattuor
877 2434 1032 2509 praecepta
1053 2425 1089 2488 de
1111 2426 1251 2489 brevitate
1273 2429 1392 2490 erebus

229 2529 357 2591 facienda
387 2531 503 2606 dantur,
533 2551 657 2612 quorum
687 2533 742 2594 suh
768 2534 857 2594 finem
884 2531 1025 2612 quaedam
1054 2529 1162 2592 omissa
1192 2550 1257 2593 esse
1283 2551 1393 2611 eogno-

230 2633 329 2694 scitur.
375 2633 528 2697 Geometra
555 2637 644 2708 enim,
677 2637 728 2717 qui
754 2636 790 2697 W
810 2637 836 2697 ll
864 2635 957 2706 2309
982 2634 1060 2695 inter
1086 2641 1239 2714 praecepta
1265 2635 1393 2696 Theonis

229 2753 323 2796 unum
346 2755 362 2797 a
385 2738 515 2800 Cornuto
537 2739 704 2819 repetitum,
727 2749 761 2801 ut
782 2738 986 2817 breviloquens
1008 2733 1225 2812 ταοτολογίαν
1247 2736 1317 2798 vitet
1338 2737 1394 2816 (=

229 2837 253 2898 Ε
278 2841 315 2900 15
330 2840 364 2919 2),
387 2839 499 2913 inserit,
522 2841 649 2904 Theonis
671 2849 825 2923 praecepto
848 2841 926 2921 quod
948 2839 1092 2900 antecedit
1116 2841 1169 2915 (=
1185 2839 1225 2918 Sp
1240 2839 1266 2900 ll
1289 2839 1328 2901 83
1344 2845 1392 2916 20),

230 2941 301 3003 haec
332 2943 420 3004 verba
453 2945 581 3006 adnectit
610 2945 645 3006 W
665 2945 691 3006 ll
718 2940 877 3016 2300154
909 2942 945 3006 τὸ
974 2939 1179 3025 ‹leuvildo›
1212 2939 1248 3013 ἐξ
1279 2937 1393 3025 δηροῦ>

230 3041 383 3126 δηλονότι
411 3047 442 3122 (l.
466 3039 648 3128 dulcitius)
674 3045 729 3109 καὶ
751 3044 871 3130 ἐξῆλθε
893 3042 1067 3130 πρότερον·
1100 3044 1251 3108 τοιοῦτον
1277 3045 1392 3109 καὶτὸ

229 3149 382 3230 <κατέβην
400 3151 485 3232 χθὲς
507 3149 554 3223 οἷς
575 3148 633 3214 τὸν
649 3149 807 3232 Hesperie>
829 3146 1004 3234 δηλοῦντος
1025 3146 1086 3230 γὰρ
1108 3142 1147 3231 ἦν
1169 3148 1200 3228 (1.
1218 3145 1393 3230 δηλοῦντος

229 3249 287 3312 τοῦ
309 3252 460 3336 κατέβην)
484 3246 534 3315 ὅτι
557 3252 613 3315 καὶ
635 3251 672 3317 ἓν
692 3253 731 3342 τῇ
754 3249 851 3316 πόλει
873 3239 923 3336 ἦν.
967 3251 1049 3334 prius
1069 3251 1176 3312 horum
1192 3252 1391 3331 exemplorum

230 3353 411 3416 simillimum
445 3363 491 3417 est
522 3355 557 3430 ei,
591 3376 650 3437 quo
678 3357 849 3418 Cornificius
880 3365 996 3418 sextum
1027 3353 1176 3416 brevitatis
1204 3365 1392 3435 praeceptum

229 3456 368 3520 instruxit
395 3458 502 3533 1514
528 3468 561 3522 et
594 3461 622 3522 si
655 3461 776 3522 exitus
802 3479 923 3522 rerum
950 3462 997 3522 ita
1024 3478 1211 3540 ponemus,
1246 3467 1393 3520 utente

297 3657 509 3722 ¹lloppiehlcrns
527 3656 564 3707 Du
583 3653 681 3708 T’deooo
698 3658 764 3708 lliss.
785 3657 888 3708 Vireeb.
909 3656 974 3708 1881
991 3656 1116 3708 Thoonem
1136 3663 1195 3707 unte
1214 3656 1393 3718 Hermogenem

229 3722 452 3793 Progymnosmete
476 3727 611 3792 scripsisse
633 3726 819 3777 domonstravit
841 3741 919 3793 neque
943 3741 1005 3777 vero
1028 3725 1052 3774 ei
1075 3725 1192 3788 contigit,
1218 3731 1247 3774 ut
1266 3723 1393 3774 Thoonem

230 3791 388 3857 Quintiliano
418 3795 574 3860 superiorem
600 3791 680 3844 inisse
705 3796 832 3860 probaret.
877 3794 949 3845 nobis
976 3793 1074 3860 quidem
1100 3791 1196 3844 Tbeoui
1223 3791 1392 3842 Alexandrum

228 3861 377 3912 Numenium
395 3869 454 3913 ante
473 3863 560 3914 oculos
577 3869 707 3913 versatum
724 3861 805 3915 luisse
824 3879 970 3928 persuasum
988 3869 1035 3912 est.
1071 3861 1104 3928 Sp
1116 3861 1138 3913 ll
1157 3862 1204 3912 106
1216 3875 1243 3913 xe
1254 3859 1391 3910 Alexandri

229 3929 400 3980 definitionem
421 3933 474 3997 topi
497 3931 518 3980 ll
536 3930 552 3996 ξ
572 3931 618 3982 169
642 3938 770 3982 servatam
793 3931 876 3982 odlert
893 3939 920 3982 ct
937 3931 970 3995 Sp
987 3929 1008 3980 N
1029 3930 1158 3997 1091sqq.
1178 3931 1208 3978 de
1226 3921 1393 3978 διατυπώσει
1494 3983 1501 3999 .

229 3999 308 4048 verbu
331 3996 393 4049 lauit
411 3999 549 4050 Alexandri
570 3999 741 4064 explicatione
759 3990 948 4057 διατυπώστοις
965 4014 1034 4063 usus,
1055 4014 1127 4063 quam
1146 3998 1166 4047 n
1184 3996 1262 4063 §233
1281 3997 1393 4046 exbibet.

229 4064 298 4117 Theo
317 4067 403 4130 igitur,
421 4066 671 4135 Progymnusmatum
688 4075 787 4130 unctor,
806 4069 848 4118 eni
865 4083 1002 4130 cognomen
1015 4067 1089 4117 Aelio
1107 4065 1187 4117 inisse
1200 4065 1291 4116 Suidas
1303 4065 1392 4128 trudit,

230 4134 352 4184 lladrieni
369 4142 455 4186 aetate
472 4137 515 4186 vel
533 4135 606 4202 paulo
625 4134 732 4186 iniurius
750 4136 867 4188 floruisse
887 4137 996 4186 videtur.

297 4201 307 4235 ²
325 4201 362 4252 Cl.
374 4203 395 4252 Ε
408 4202 424 4268 §
436 4205 469 4254 90
484 4210 510 4253 et
522 4204 648 4255 Theonem
661 4204 694 4270 Sp
705 4203 727 4254 ll
740 4205 772 4256 84
784 4220 810 4259 os
828 4203 1009 4271 στοχάζεσθαι
1026 4193 1159 4268 προσήκει
1174 4201 1223 4251 τοῦ
1240 4201 1394 4270 πρέποντος

229 4269 267 4338 τῷ
290 4286 317 4322 τε
338 4261 479 4342 προσώπῳ
500 4273 546 4323 καὶ
567 4275 625 4328 τοῖς
646 4265 733 4329 ἄλλοις
751 4275 897 4340 στοιχείοις
913 4273 960 4336 τῆς
977 4268 1132 4339 διηγήσεως,
1154 4278 1181 4321 et
1199 4268 1252 4321 Cio.
1269 4269 1300 4320 de
1317 4266 1393 4319 loul

229 4337 246 4404 ξ
264 4340 296 4390 29
313 4343 338 4390 τι·
357 4355 526 4408 personarum
547 4340 688 4408 degustatos
709 4342 882 4403 amabuntur,
906 4349 932 4392 et
950 4341 1025 4392 Coro.
1042 4337 1129 4404 1516
1146 4341 1209 4388 ei..
1226 4351 1392 4405 personarum

229 4407 386 4475 dignitates.
400 4446 407 4459 .
425 4410 576 4461 constabunt.

282 4491 373 4535 cernue
387 4492 488 4546 nerone
1216 4490 1234 4544 d
