3536 5208
679 459 725 472 —
768 423 876 488 XXIX
920 460 963 472 -

326 603 428 666 Cetera
452 603 510 666 duo
525 611 679 683 praecepta
695 601 840 664 rhetorica
855 600 985 664 Cornuto
1000 598 1148 680 adsignata
1163 618 1223 661 non
1239 600 1270 662 L.
1288 603 1405 662 Annaeo

240 707 425 794 attribuenda
457 716 536 769 sunt.
580 706 704 768 alterum
735 723 881 786 anonymo
912 703 989 784 napi
1015 704 1080 768 τῶν
1106 700 1253 768 στάσεων
1282 713 1407 767 tractatu

240 819 372 872 servatur
394 810 468 871 WV
491 809 553 872 592
568 841 594 878 ³2
618 810 802 892 συμβέβηκε
823 807 869 891 τῷ
891 795 976 890 λόγῳ
998 806 1044 892 τῷ
1066 804 1228 891 ῥητορικῷ
1250 802 1270 890 ἡ
1292 803 1407 880 στάσις

240 910 295 974 καὶ
333 907 475 995 δύναμιν
513 908 579 990 ἔχει
613 906 871 994 συμβεβηκότος,
912 907 1031 993 ταύτης
1064 907 1101 972 δὲ
1133 909 1189 992 τῆς
1222 907 1318 993 δόξης
1351 912 1406 972 καὶ

243 1011 432 1088 Λολλιανός
454 1012 524 1076 ἐστι
546 1013 601 1076 καὶ
628 1013 818 1096 Κορνοῦτος.
863 1013 1027 1076 Cornutum
1051 1014 1098 1076 bic
1117 1014 1276 1087 laudatum,
1299 1014 1407 1095 quippe

240 1117 291 1197 qui
312 1127 380 1199 post
395 1118 559 1180 Lohianum
577 1126 826 1180 commemoretur
841 1117 961 1179 elidem
978 1117 1057 1196 quod
1072 1116 1269 1202 hicdocuisse
1284 1117 1407 1188 dicatur,

240 1221 317 1282 haud
345 1222 491 1283 diversum
520 1240 585 1282 esse
611 1241 628 1281 a
657 1220 795 1296 Cornuto,
827 1239 914 1302 quem
938 1219 1068 1281 Lolliano
1094 1220 1261 1281 inferiorem
1288 1239 1352 1283 esse
1379 1229 1408 1282 et

240 1323 270 1384 in
293 1323 347 1385 aha
370 1341 401 1385 re
423 1344 458 1386 ex
480 1344 515 1386 eo
537 1325 665 1404 pendere
687 1323 886 1403 cognovimus,
910 1334 998 1404 patet.
1043 1323 1168 1384 alterum
1186 1323 1308 1386 Cornuti
1322 1343 1407 1404 prae·

239 1435 356 1507 ceptum
378 1427 476 1508 ipsum
500 1447 617 1507 quoque
639 1427 674 1488 ad
698 1437 828 1489 statuum
852 1427 1014 1490 doctrinam
1038 1437 1173 1506 spectans
1190 1427 1319 1488 eiusdem
1336 1428 1408 1488 Gor-

239 1529 305 1590 nuti
326 1548 390 1591 esse
412 1538 499 1610 atque
521 1530 689 1610 proximum
713 1549 747 1591 eo
771 1531 970 1604 confirmatur,
998 1531 1076 1610 quod
1099 1531 1248 1611 syrianus,
1278 1531 1329 1610 qni
1352 1531 1408 1591 hoc

239 1642 427 1714 praeceptum
455 1633 500 1694 his
531 1633 617 1694 tradit
645 1632 681 1691 W
703 1632 740 1693 IV
763 1632 824 1695 298
840 1665 875 1708 aa,
904 1632 965 1695 843
981 1634 1036 1706 24¹,
1065 1633 1128 1695 eius
1157 1644 1307 1695 auctorem
1330 1633 1408 1694 inter

239 1738 372 1798 rhetores
399 1745 561 1808 enumerat,
591 1753 717 1815 quorum
749 1737 848 1797 nullus
877 1746 945 1799 ante
971 1737 1120 1798 saeculum
1153 1737 1315 1799 secundum
1341 1736 1406 1797 fuit,

241 1840 381 1920 Syrianus
403 1837 480 1900 enim
504 1837 541 1899 W
555 1838 592 1898 IV
615 1835 676 1899 298
691 1867 727 1911 ιτ,
751 1838 800 1898 ubi
828 1858 915 1918 quem
940 1848 1050 1901 statum
1072 1839 1178 1920 singuli
1201 1839 1407 1919 technographi

240 1942 369 2021 primum
396 1941 603 2004 constituerint
631 1941 728 2015 docet,
754 1941 850 2021 primo
875 1943 939 2004 loco
964 1942 1163 2004 Minucianum
1190 1943 1288 2022 ponit,
1316 1943 1407 2004 altero

241 2045 398 2118 Zenonem,
431 2063 559 2124 quocum
590 2045 803 2124 Hermogenem
837 2054 866 2106 et
894 2045 1115 2126 Metrophanem
1149 2045 1306 2125 coniungit,
1340 2046 1407 2125 quia

241 2148 374 2210 eiusdem
401 2155 488 2226 atque
512 2148 589 2210 Zeno
616 2147 778 2210 sententiae
801 2147 869 2223 sint,
898 2149 985 2210 tertio
1008 2149 1276 2230 Harpocrationem,
1303 2158 1407 2229 quarto

242 2253 417 2325 Cornutum,
452 2261 584 2313 extremo
611 2251 775 2331 Euagoram
798 2260 828 2313 et
849 2252 996 2332 Ancylam.
1041 2251 1234 2326 Minucianus,
1262 2252 1313 2331 qui
1340 2260 1407 2312 ante

241 2355 454 2434 Hermogenem
485 2355 520 2416 de
548 2355 674 2416 statibus
701 2354 853 2435 scripsisse
881 2365 910 2416 et
937 2355 973 2416 ab
1000 2356 1056 2416 hoc
1077 2355 1267 2436 impugnatus
1291 2373 1355 2416 esse
1376 2354 1407 2414 in

210 2483 212 2486 ·
240 2457 431 2538 Hermogenis
459 2458 576 2520 scholiis
602 2457 724 2533 fertur²,
752 2459 797 2520 vel
820 2458 956 2520 Hadriani
984 2459 1027 2520 vel
1054 2458 1195 2520 Antonini
1225 2457 1407 2538 temporibus

239 2561 332 2623 luisse
352 2560 474 2633 videtur,
498 2579 567 2622 nam
590 2580 660 2622 avus
674 2560 840 2641 Nicagoras,
863 2561 1032 2624 Philostrati
1055 2562 1149 2635 amici,
1172 2581 1237 2623 esse
1259 2561 1407 2642 putandus

240 2663 313 2726 est³.
358 2663 517 2738 Zenonem,
540 2682 628 2743 quem
645 2664 828 2743 Hermogene
847 2665 1029 2744 superiorem
1045 2665 1136 2727 luisse
1151 2685 1167 2726 e
1182 2665 1296 2746 Syriaci
1311 2663 1407 2725 verbis

239 2766 366 2848 adparet,
400 2766 526 2828 eundem
555 2786 619 2828 esse
646 2785 810 2841 censemus,
844 2769 895 2847 qui
920 2769 1029 2848 pariter
1055 2778 1142 2848 atque
1172 2767 1313 2829 Basilicus
1340 2777 1408 2828 ante

239 2869 431 2950 Hermogenis
458 2877 582 2932 aetatem
605 2869 811 2932 Demosthenis
838 2872 1065 2933 commentarios
1092 2870 1294 2952 composuisse
1316 2869 1408 2931 tradi-

240 2983 287 3036 tur
294 2975 314 3035 ⁴.
358 2973 548 3053 Harpocratio
563 2973 755 3053 Hermogenis
778 2973 960 3036 adversarius
978 2986 1032 3049 est,
1056 2975 1091 3036 de
1106 2994 1165 3054 quo
1180 2992 1268 3054 supra
1284 2973 1406 3052 egimus.

239 3077 386 3156 Euagoras
419 3087 449 3138 et
474 3078 597 3158 Ancylas
630 3077 778 3156 ahquanto
811 3077 906 3158 spatio
933 3077 1073 3157 temporis
1099 3087 1167 3158 post
1194 3078 1406 3155 Hermogenem

239 3181 403 3243 vixeruntl.
448 3182 520 3260 quin
543 3181 691 3242 Cornutus
717 3179 763 3242 his
785 3181 953 3243 rhetoribus
976 3182 1104 3243 insertus
1132 3181 1209 3242 idem
1237 3179 1284 3252 sit,
1318 3197 1406 3259 quem

239 3284 381 3346 Lachares
397 3294 464 3365 post
479 3283 634 3346 Basilicum
650 3285 776 3358 induxit,
796 3303 831 3346 eo
847 3285 945 3346 minus
961 3285 1139 3358 dubitamus,
1155 3285 1234 3363 qnod
1250 3283 1407 3364 Syrianam

238 3407 354 3468 quoqne
381 3388 514 3449 rhetores
543 3387 704 3449 secundum
734 3387 866 3448 ordinem
894 3397 1060 3468 temporum
1083 3406 1273 3449 enumerasse
1295 3386 1408 3468 perspi·

239 3475 327 3552 cuum
355 3500 409 3554 est.
454 3510 511 3571 qua
534 3492 570 3552 de
592 3510 679 3552 causa
701 3491 756 3552 hac
778 3492 879 3552 eadem
902 3491 1123 3553 enumeratione
1146 3493 1220 3552 lines
1243 3501 1273 3552 et
1295 3491 1407 3570 Harpo-

238 3594 376 3656 crationis
399 3605 429 3657 et
450 3593 572 3657 Cornuti
594 3593 696 3655 aetatis
719 3594 859 3656 certiores
882 3594 1087 3657 terminantur.
1131 3595 1213 3656 illum
1231 3594 1407 3673 Hermogeni

239 3699 423 3762 adversatum
447 3707 477 3761 et
498 3698 718 3778 aldetrophane
741 3700 926 3761 confutatum
949 3717 1013 3761 esse
1029 3698 1221 3777 Hermogenis
1236 3699 1407 3760 scholiastae

306 3967 317 4002 1
334 3970 410 4020 Alter
425 3969 497 4052 locpa
516 3985 548 4021 ex
566 3970 648 4022 altero
668 3971 835 4053 corrigendus
851 3978 903 4048 cstn:
922 3971 939 4021 1.
955 3971 986 4053 W
1002 3970 1035 4022 lV
1047 3971 1097 4022 298
1107 3987 1133 4025 se
1150 3966 1279 4041 πρότερα,
1297 3984 1324 4023 se
1340 3986 1407 4038 προ-

237 4037 325 4138 '‘⁰“⁷2'
335 4038 375 4157 c⁸f⁴
377 4036 821 4158 ³1{lltvldtlttl‘stltl
822 4039 1223 4160 ⁰t‘htldt‘ltl0lltlaac

306 4173 317 4208 ⁸
335 4144 373 4225 Cf:
391 4173 556 4225 Latronnium
574 4174 683 4226 Journal
698 4175 741 4226 dea
758 4143 940 4227 savants⁸1844
958 4193 981 4242 p.
996 4177 1037 4228 48.
1226 4145 1231 4158 ⁸

307 4241 318 4276 ⁴
336 4243 366 4294 W
381 4241 425 4294 Vll
439 4242 519 4294 81814
534 4242 577 4304 (el.
588 4245 644 4294 adn.
657 4243 785 4308 XXVlla)
795 4269 828 4286 =
839 4244 1052 4296 CrameriAnccd.
1067 4242 1108 4296 Gr.
1124 4242 1204 4294 Onon.
1213 4242 1246 4296 lV
1258 4243 1306 4295 126
1316 4245 1371 4294 adn.
1384 4260 1405 4294 a.

307 4310 367 4362 ὖ111
385 4311 421 4362 W
434 4309 467 4363 lV
488 4310 543 4373 130,
563 4312 620 4376 119,
639 4313 688 4362 295
708 4313 862 4375 Hermogene
881 4314 1037 4380 posteriores
1057 4329 1113 4364 esse
1133 4312 1260 4375 dicuntur,
1280 4311 1329 4362 294
1348 4319 1406 4378 post

238 4378 427 4445 Metrophanem
450 4381 617 4442 nominantur,
640 4397 712 4446 quem
736 4398 784 4431 non
806 4389 865 4432 anta
887 4383 1039 4434 Philostrati
1061 4391 1175 4448 tempora
1197 4379 1276 4432 fuisse
1296 4389 1404 4432 constat.

239 4447 270 4501 el.
289 4449 390 4500 Suidam
408 4465 428 4499 s.
446 4466 471 4500 v.
492 4443 690 4518 Μητροφοὶτης.
