3536 5208
318 1689 436 1768 Aestate
468 1699 536 1762 anui
572 1696 651 1758 1887
685 1695 795 1755 adfines
827 1689 986 1760 carissimi,
1019 1687 1126 1766 quibus
1159 1685 1239 1746 buuc
1270 1683 1401 1745 libellum

232 1830 350 1876 sacrum
374 1827 439 1869 esse
460 1804 548 1874 volui,
570 1819 638 1862 oum
660 1799 691 1858 iu
715 1816 762 1856 me
785 1796 892 1856 saltum
909 1791 1179 1868 Teutoburgensem
1203 1800 1401 1868 pererrantem

232 1915 417 1982 incidissent,
440 1909 594 1984 benignam
616 1900 817 1962 invitationem
841 1896 915 1957 mibi
936 1895 1114 1964 obtulerunt,
1138 1902 1172 1952 ut
1193 1912 1225 1952 se
1248 1895 1404 1953 comitarer

232 2019 382 2081 Lutetiam
403 2011 594 2078 Parisiorum,
615 2006 647 2064 iu
668 2003 771 2064 urbem
795 2019 888 2062 suam.
933 1998 982 2058 ubi
1002 1995 1136 2056 Udalrieo
1159 1995 1195 2056 de
1211 1997 1404 2058 ll'ilamowitz

233 2133 355 2186 auctore
387 2121 465 2180 inter
497 2113 551 2174 alia
585 2125 764 2188 anonymum
799 2112 954 2165 tractatum
987 2099 1167 2160 rhetoricum
1202 2100 1309 2161 codicis
1337 2101 1403 2161 Par.

233 2229 284 2289 Gr.
303 2224 385 2286 1874
407 2216 527 2288 contuli,
550 2233 609 2292 quo
630 2211 855 2272 fundamentum
878 2224 970 2266 norae
992 2203 1129 2264 editionis
1143 2203 1279 2263 iacerem.
1324 2223 1404 2263 nuuc

232 2331 344 2391 librum
372 2323 536 2384 emissurus
558 2319 652 2376 lacere
678 2331 738 2373 nou
761 2328 893 2390 possum,
927 2307 999 2386 quin
1021 2305 1127 2384 gratias
1150 2325 1239 2384 quam
1261 2305 1404 2366 maximas

234 2435 361 2495 referam
383 2438 414 2488 et
435 2421 598 2484 illustribus
620 2415 783 2478 rectoribus
806 2413 1000 2474 Bibliothecae
1022 2410 1169 2470 Parisiuae
1191 2419 1221 2469 et
1235 2409 1405 2469 Hermanno

236 2539 354 2614 Sauppe
376 2539 464 2608 atque
479 2521 612 2586 Udaln'co
634 2523 669 2581 de
685 2518 885 2587 Wilamowitz,
908 2513 1145 2596 praeceptoribus
1168 2513 1279 2592 optime
1301 2513 1337 2573 de
1358 2532 1404 2572 me

236 2636 360 2700 meritis.
404 2632 441 2692 ab
468 2629 584 2688 illorum
612 2625 689 2684 euim
717 2621 888 2682 liberalitate
916 2617 1115 2678 intercedente
1141 2615 1244 2676 Carolo
1271 2615 1405 2676 liziatzlro

235 2737 402 2820 impetravi,
433 2745 467 2795 ut
493 2731 557 2791 cod.
580 2728 670 2800 1874,
697 2727 729 2786 iu
754 2745 814 2804 quo
843 2723 1008 2803 complures
1030 2721 1109 2780 locos
1132 2720 1239 2780 iterum
1262 2719 1406 2799 inspicere

236 2842 401 2924 cupiebam,
429 2847 459 2896 et
480 2834 544 2894 cod.
566 2830 659 2903 2922,
687 2847 774 2908 quem
802 2826 894 2888 labori
917 2844 982 2884 meo
1005 2843 1110 2901 magno
1132 2824 1194 2884 fore
1216 2823 1284 2883 usui
1305 2842 1405 2902 spera-

236 2949 314 3018 bam,
349 2941 516 3017 Gottiugam
551 2936 751 3005 mitterentur;
785 2931 816 2990 hi
848 2947 964 2990 summa
997 2927 1197 2988 benevolentia
1230 2926 1311 3007 operi
1342 2945 1406 2986 meo

236 3048 354 3110 assidue
387 3047 522 3103 laverunt
553 3056 649 3115 neque
682 3052 823 3112 umquam
856 3031 1021 3092 consulenti
1054 3031 1126 3092 mibi
1159 3030 1325 3090 defuerunt
1370 3029 1405 3089 ad

236 3148 420 3215 emendanda
441 3143 529 3204 rerba
558 3140 651 3221 ipsius
678 3147 819 3198 tractatus
845 3144 988 3214 quantum
1012 3135 1201 3205 contulerint,
1234 3132 1331 3193 omnis
1353 3151 1406 3212 pa-

237 3256 304 3336 giua
330 3247 467 3313 editionis
496 3245 610 3312 clamat,
642 3242 673 3302 iu
696 3239 884 3300 instituendis
906 3238 1136 3317 quaestiouibus
1170 3256 1244 3316 quae
1266 3235 1405 3312 Prolego·

237 3357 333 3420 menis
355 3351 553 3421 continentur,
576 3355 720 3426 quantum
741 3343 869 3404 consiliis
884 3343 946 3404 suis
961 3361 1008 3402 me
1023 3340 1196 3412 adiuveriut,
1219 3341 1276 3401 dici
1292 3339 1404 3418 nequit.

322 3481 431 3542 Dabam
456 3474 607 3552 Gottingae
629 3471 704 3532 Nou.
726 3469 811 3530 Febr.
