3538 5212
821 450 1037 517 ..50-

350 625 478 713 αχωγην
508 625 622 703 ἁπλῶς
656 624 829 713 πολιτικὴν
861 625 1052 711 λαμβάνειν.
1102 628 1174 691 249.
1207 626 1244 692 τό
1272 624 1309 691 δὲ
1339 625 1516 712 ἐνθύμημα

350 729 511 806 πολλάκις
532 731 593 815 μέν
615 727 670 796 καὶ
693 728 784 820 ἁπλῇ
807 731 891 804 λέξει
915 729 1109 814 προάγεται,
1132 756 1151 816 η
1175 731 1209 794 δ’
1233 725 1292 795 οὖν
1307 732 1415 794 οἰκεία
1429 731 1516 806 λέξις

350 833 448 898 αὐτοῦ
475 834 558 897 κατὰ
582 835 640 908 τὰς
667 831 870 917 παρισώσεις
897 834 953 896 καὶ
978 834 1036 908 τὰς
1058 827 1278 918 άντιστροφάς
1300 833 1384 898 ἐστι·
1411 837 1515 898 ταῦτα

348 937 410 1020 γὰρ
433 937 474 1000 τά
496 934 554 1001 δύο
578 934 727 1020 σχήματα
748 947 818 1011 τοῖς
841 933 1065 1011 ἁντιθετικοῖς
1091 933 1236 1021 ἁρμόζει.
1285 935 1515 1021 ἐνθυμηματι-

349 1032 495 1103 κιύτατον
517 1038 554 1102 δέ
575 1041 640 1103 τῶν
662 1040 740 1124 περὶ
761 1039 820 1123 την
843 1037 997 1104 διάνοιάν
1024 1038 1094 1102 έστι
1121 1038 1295 1124 σχημάτων
1316 1041 1352 1104 τό
1377 1037 1513 1104 άντιθε-
1534 1053 1550 1104 5

348 1139 452 1218 τικόν,
477 1142 671 1207 συνακτικδν
693 1142 749 1206 καὶ
764 1141 938 1224 βιαστικδν
956 1139 1032 1226 (δν)
1049 1143 1107 1206 τοῦ
1123 1145 1351 1226 προκειμένου.
1380 1145 1453 1206 250.
1475 1141 1513 1206 τό

349 1244 387 1309 δέ
408 1241 630 1330 έπενθύμημα
651 1245 733 1309 ποτὲ
754 1244 814 1326 μέν
836 1241 959 1328 ὁμοίως
981 1242 1033 1321 ἄν,
1056 1248 1170 1329 φησίν,
1194 1243 1379 1328 ἐξενεχθείη
1402 1269 1447 1329 τιμ
1463 1244 1514 1310 έν-

350 1345 522 1432 θυμήματι
545 1343 750 1429 στρογγύλως
771 1349 827 1412 καὶ
851 1349 990 1424 πυκνῶς,
1013 1347 1095 1411 ποτὲ
1117 1346 1155 1410 δὲ
1176 1350 1299 1412 εἴωθεν
1325 1343 1512 1411 ἐκλύεσθαι.

349 1448 595 1534 ἁρμοδιώτερον
616 1454 728 1534 μέντοι
751 1451 821 1515 ἐστὶ
843 1451 899 1515 καὶ
922 1448 1014 1527 αὐτό,
1038 1454 1156 1535 φησίν,
1179 1448 1448 1536 έπισυναχθῆναι
1471 1452 1514 1535 μη

349 1554 478 1638 μακράν
499 1554 557 1638 την
576 1553 634 1618 ἐπὶ
648 1556 693 1639 τῷ
709 1553 918 1638 ἐνθυμήματι
934 1553 1136 1637 κατασκευήν
1150 1552 1303 1618 έκτεῖνον.
1323 1556 1395 1616 251.
1409 1549 1517 1636 παρά·
1539 1563 1571 1616 10

350 1657 471 1741 δειγμα
493 1657 531 1722 δὲ
552 1655 676 1722 τούτων
698 1661 810 1743 φέρειν
834 1655 891 1722 οὐκ
914 1653 1096 1737 ἀναγκαῖόν
1118 1673 1217 1742 φησι·
1243 1655 1302 1720 τόν
1323 1655 1385 1740 γὰρ
1414 1680 1517 1740 χαρα-

349 1761 450 1844 κτῆρα
480 1761 537 1844 τῆς
563 1758 697 1836 λέξεως,
730 1757 768 1825 οὐ
794 1761 852 1826 τὸν
880 1758 1006 1846 τρόπον
1035 1761 1092 1844 τῆς
1125 1763 1377 1844 μεταχειρίσεως
1413 1757 1518 1832 λέξειν

350 1861 633 1946 ἐπηγγειλάμεθα.

434 1968 505 2030 252.
542 1967 626 2041 Τοὺς
648 1965 685 2029 δὲ
707 1963 895 2044 ἐπιλόγους,
920 1960 1035 2050 φησίν,
1061 1964 1134 2050 (ἐν)
1164 1963 1285 2041 ἁπλοῖς
1307 1965 1367 2049 μὲν
1389 1959 1517 2040 ἁπλοῦς

350 2072 435 2134 εἶναι
459 2069 523 2146 δεῖ,
546 2069 581 2136 έν
603 2069 640 2133 δὲ
662 2081 732 2145 τοῖς
751 2067 1060 2153 ἁμφισβητησίμοις
1081 2068 1175 2134 λείαν
1190 2068 1250 2153 μέν
1265 2070 1321 2132 καὶ
1337 2065 1442 2153 ἀφελῆ
1456 2066 1517 2152 την
1539 2077 1569 2130 15

350 2171 438 2245 λέξιν
463 2173 523 2236 διὰ
547 2173 605 2246 τάς
631 2170 845 2246 κατασκευάς·
876 2169 893 2235 ὁ
920 2172 981 2254 γὰρ
1014 2173 1180 2250 τοιούτος,
1213 2176 1333 2257 φησίν,
1362 2171 1518 2251 ἐπίλογος

350 2272 537 2358 εὐμάθειαν
569 2273 815 2354 ἐπαγγέλλεται.
870 2271 957 2338 ὅπου
991 2273 1029 2338 δέ
1055 2274 1208 2350 δείνωσίς
1233 2300 1283 2351 τις
1309 2271 1342 2365 ᾖ,
1375 2277 1518 2365 τροπικῇ

350 2377 435 2451 λέξει
457 2382 626 2462 χρηστέον·
663 2379 901 2462 τραγικωτέραν
923 2377 972 2454 δέ,
997 2382 1091 2462 μησί,
1114 2375 1173 2464 τη“ν
1192 2373 1282 2451 λέξιν
1296 2379 1352 2442 καὶ
1368 2377 1516 2462 σφοδρο-

349 2485 446 2564 τέραν
466 2480 675 2555 ἐπιτιθέντες
690 2483 724 2558 †.
762 2475 847 2543 ὄπου
870 2477 908 2542 δέ
930 2478 1123 2564 πανήγυρις,
1146 2480 1222 2556 τούς
1242 2479 1397 2566 δεσμούς,
1420 2485 1515 2566 φησί,

350 2585 414 2648 τῶν
436 2582 549 2648 κοίλων
572 2580 611 2648 ού
632 2593 761 2668 τραχεῖς
783 2579 866 2645 ἀλλὰ
886 2580 995 2657 λείους
1017 2581 1250 2666 ἀποδώσομεν,
1273 2586 1329 2648 καὶ
1351 2586 1409 2670 την
1429 2585 1517 2658 λέξιν
1535 2594 1570 2646 20

262 2717 332 2760 pm,
351 2683 504 2762 ἁσαύτως
519 2684 557 2751 οὐ
572 2700 728 2770 τραχεῖαν
739 2684 813 2751 ἁλλ’
831 2683 995 2770 ἱστορικὴν
1010 2685 1240 2771 προθήσομεν,
1256 2687 1293 2753 τό
1309 2689 1369 2772 μὲν
1389 2689 1392 2772 λ
1414 2737 1461 2752 ...
1480 2712 1517 2753 ον

265 2795 334 2846 1271
350 2786 389 2853 οὐ
411 2813 547 2874 ποιητικ
562 2838 569 2854 .
587 2839 594 2853 .
611 2789 762 2871 ἔχουσαν,
785 2789 878 2868 ε’γγύς
901 2786 938 2851 δέ
959 2791 1019 2852 τοῦ
1039 2790 1212 2876 γλαφυρού
1233 2793 1289 2855 καί
1310 2786 1415 2876 ἡδέος.

436 2895 506 2956 253.
540 2891 717 2968 Διονύσιος
740 2892 776 2956 δὲ
799 2890 817 2956 ό
843 2889 1125 2976 Ἁλικαρνασσεύς,
1154 2890 1191 2958 ὃν
1213 2891 1334 2959 κανόνα
1359 2891 1438 2979 (ἄν)
1466 2917 1516 2968 τις

351 2999 444 3060 είποι
471 2996 609 3071 δικαίως
634 2998 689 3080 τῆς
711 2994 789 3078 περὶ
812 2993 985 3079 ῥητορικήν
1006 2996 1152 3081 μελέτης,
1176 2996 1277 3080 ἐντῷ
1302 3001 1435 3062 Λυσίου
1458 3021 1516 3077 χα-

351 3101 486 3184 ρακτῆρι
509 3099 657 3164 ἐπαινῶν
678 3100 736 3164 τὸν
761 3101 895 3162 Λυσίαν
917 3097 1146 3164 ἐπιδείκνυσιν
1168 3093 1237 3184 ἁμα
1259 3101 1314 3162 καὶ
1338 3104 1442 3166 ποίοιν
1464 3101 1518 3164 δεῖ
1536 3108 1570 3162 25

354 3201 449 3288 (τὴν)
479 3201 653 3287 ἑρμηνείαν
678 3201 804 3287 (εἶναι)
829 3201 865 3266 έν
886 3213 957 3276 τοῖς
978 3207 1092 3287 μέρεσι
1113 3204 1172 3266 τοῦ
1193 3200 1305 3282 λόγου,
1333 3199 1391 3266 καί
1413 3219 1517 3288 φησιν

352 3300 453 3379 οὕτως
476 3306 573 3388 (cp.9
596 3327 624 3387 p.
641 3308 702 3370 470
725 3307 845 3389 Reiske)
868 3304 1046 3392 <διαιμοράς
1067 3329 1102 3370 τε
1122 3303 1231 3370 αὐτῶν
1249 3303 1411 3389 λαμβάνει
1433 3306 1516 3369 κατὰ

353 3407 443 3482 ἰδέας
464 3410 528 3473 τῶν
551 3404 754 3492 πραγμάτων
780 3433 798 3494 η
828 3407 929 3484 λέξις·
956 3407 1123 3495 ἀρχομένῳ
1150 3410 1210 3494 μέν
1236 3408 1298 3494 γάρ
1321 3409 1391 3472 έστι
1414 3412 1515 3472 καθε-

351 3520 488 3594 στηκυῖα
503 3512 559 3573 καὶ
580 3509 696 3595 η’θικη,
719 3511 923 3598 διηγουμένῳ
946 3514 984 3578 δέ
998 3513 1130 3597 πιθανή
1153 3513 1208 3576 καὶ
1232 3516 1416 3597 περίεργος,
1440 3510 1518 3575 έπι-

351 3612 513 3678 δεικνύντι
534 3613 571 3677 δὲ
593 3615 774 3701 στρογγύλη
790 3623 846 3680 καὶ
861 3615 977 3702 πυκνή,
1000 3614 1134 3690 αὔξοντι
1150 3615 1258 3680 δὲκαὶ
1275 3619 1516 3701 παθαινομένῳ
1535 3625 1570 3679 30

350 3748 411 3785 κε*
436 3716 651 3802 διαλελυμένη
675 3719 731 3781 καὶ
754 3717 942 3805 σύντομος.>

439 3821 593 3884 Τοσαῦτα
614 3822 692 3904 περὶ
714 3824 779 3888 τῶν
798 3826 858 3889 τοῦ
877 3823 976 3903 λόγου
995 3825 1113 3907 μερῶν.

418 4009 515 4078 3υύτη
534 4029 570 4064 em
584 4015 633 4078 Seg
684 4013 1008 4084 4ἐνθυμηματικοίτερον
1025 4015 1043 4064 Ρ
1063 4031 1101 4066 em
1115 4014 1171 4066 Wil
1223 4007 1432 4065 66vaddwi1
1486 4014 1516 4063 12

349 4080 434 4138 λέξειν
445 4081 504 4146 Seg:
525 4083 626 4141 λέξινΡ
682 4087 711 4134 14
733 4083 762 4135 έν
779 4086 827 4136 εδδ
841 4086 894 4136 wil
924 4081 932 4150 ΙΙ
962 4080 1062 4139 ἁπλοῖς
1074 4085 1133 4147 Seg:
1152 4079 1274 4138 ἁπλῶςΡ
1328 4083 1358 4131 15
1376 4079 1516 4149 ἀμφισβη-

348 4147 451 4216 τήμασι
468 4149 485 4198 P
504 4167 542 4200 em
556 4151 612 4202 Wil
665 4153 695 4204 18
714 4152 975 4221 τροπικωιέρανὸες
1028 4153 1059 4202 19
1078 4150 1282 4206 ἔτιτιθέντεςθ
1313 4149 1321 4216 ΙΙ
1352 4149 1379 4201 δὲ
1398 4152 1483 4215 delsp
1508 4148 1517 4216 ΙΙ

349 4213 499 4282 θεομούςΡ
519 4235 557 4269 em
569 4219 602 4286 Sp
655 4221 687 4269 22
706 4219 749 4270 fol.
765 4223 831 4271 1271·
915 4238 947 4273 ον
965 4239 997 4271 ου
1014 4237 1122 4285 ποιητικ
1138 4217 1224 4286 ἔχουο
1240 4215 1321 4287 ἔγγὺς
1338 4217 1413 4270 κτὲΡ
1431 4217 1518 4268 κοῖλον

349 4280 380 4332 οὐ
398 4287 539 4350 ποιητικοῦ
551 4281 634 4353 άχους
646 4286 726 4356 ἐγγύς
737 4288 781 4340 κιὲ
793 4291 927 4340 lectionem
941 4289 959 4338 P
978 4305 1035 4340 esse
1048 4291 1097 4350 Sag
1119 4287 1218 4354 putavit
1236 4297 1261 4338 et
1279 4281 1362 4353 ἁχους
1379 4287 1403 4334 1ο
1423 4282 1518 4352 εύχους

350 4351 390 4400 vel
410 4350 495 4419 ὕψους
513 4358 609 4418 corrigi
628 4359 712 4408 voluit
764 4358 796 4406 23
815 4352 849 4410 ἰόν
867 4359 913 4408 add
930 4359 980 4419 Seg
1032 4358 1065 4406 26
1082 4354 1130 4422 τὴν
1147 4357 1195 4408 add
1209 4355 1264 4406 wil
1289 4358 1299 4422 ΙΙ
1322 4350 1390 4408 εἶναι
1409 4353 1517 4416 addSeg
