3536 5208
796 371 1094 436 -ffl11..

367 551 440 612 est¹.
484 549 690 632 amphiboliam
713 550 802 629 igitur
823 559 891 630 post
912 558 1025 610 eeteros
1047 557 1108 610 tres
1131 557 1224 610 status
1246 549 1351 629 legales
1374 549 1445 630 poni
1465 551 1537 610 rhe-

368 653 483 716 toribus
506 653 607 715 tritum
631 653 832 733 usitatumque
853 654 944 715 fuisse
966 651 1108 714 videtur².
1152 653 1332 714 contrarium
1354 653 1385 715 in
1400 654 1479 715 Artis
1501 655 1536 714 de

368 755 465 835 legum
489 756 635 818 solutione
656 767 811 838 praecepto
833 757 943 819 laetum
966 765 1020 830 est,
1042 755 1121 836 quod
1143 755 1256 817 ratione
1278 755 1376 818 habita
1398 765 1538 836 quattuor

369 869 500 920 statuum
533 859 668 938 legalium
703 861 903 941 conscriptum
936 869 991 920 est
1035 859 1119 920 cuius
1152 859 1239 920 verba
1261 859 1284 920 ll
1306 858 1401 934 §188
1434 859 1474 919 ita
1507 858 1537 918 in

368 962 391 1022 P
413 963 564 1041 leguntur:
593 963 667 1026 Τῶν
689 961 726 1026 δὲ
749 959 894 1042 ἀτέχνων
915 965 1062 1026 πίστεων
1083 959 1158 1034 τους
1179 961 1240 1043 μὲν
1262 959 1383 1043 νόμους
1397 958 1417 1044 ἢ
1433 957 1538 1044 ἀμφι-

369 1063 469 1146 βολίᾳ
489 1061 652 1148 χρώμενοι
679 1065 735 1128 καὶ
762 1063 801 1129 οὗ
826 1067 922 1129 τοῦτο
950 1067 1037 1131 εἶναι
1063 1064 1211 1144 λέγοντες
1236 1065 1274 1129 τό
1298 1061 1539 1152 σημαινόμενον

369 1164 443 1231 ἀλλ’
473 1171 593 1252 ἕτερον,
623 1166 644 1252 ἢ
672 1169 728 1252 τῆς
754 1168 815 1251 μὲν
840 1167 957 1243 λέξεως
985 1156 1208 1254 ἀφιστάμενοι
1234 1167 1293 1252 τὴν
1321 1167 1359 1232 δὲ
1386 1165 1540 1231 διάνοιαν

369 1265 571 1346 ἐξετάζοντες
599 1273 657 1336 τοῦ
679 1274 863 1356 νομοθέτου
885 1271 921 1335 εἰι
942 1272 1007 1336 τόν
1029 1271 1199 1356 ῥηθέντων
1221 1265 1298 1335 ἀλλ’
1321 1266 1373 1335 ότι
1395 1271 1432 1334 τὸ
1456 1291 1558 1354 προ--

370 1378 521 1456 κείμενον
551 1373 831 1460 συλλογιζόμεθα,
865 1373 887 1460 ἢ
914 1379 1023 1460 ἕτερον
1050 1374 1107 1437 καὶ
1133 1370 1229 1439 αὐτοὶ
1259 1372 1361 1458 νόμον
1389 1369 1541 1438 ἀντεισά-

370 1500 494 1557 γοντες,
517 1476 559 1540 τα
580 1478 617 1542 δὲ
639 1482 843 1564 ψηφίσματα
865 1479 921 1542 καὶ
942 1477 1018 1553 τοός
1039 1478 1204 1562 χρησμοὺς
1226 1479 1338 1542 καὶτὰ
1353 1474 1541 1561 συμβόλαια

370 1579 495 1665 ὁμοίως
522 1575 633 1662 ὥσπερ
661 1581 716 1645 καὶ
738 1581 814 1657 τούς
835 1578 958 1665 νόμους
979 1579 1130 1663 λύσομεν.
1174 1583 1288 1666 primus
1310 1585 1388 1664 leges
1411 1581 1543 1644 solvendi

373 1688 478 1749 modus
501 1681 520 1768 ἢ
544 1680 731 1769 ἀμφιβολίᾳ
746 1734 776 1748 ,.
801 1682 877 1750 ἀλλ’
893 1689 1002 1767 ἕτερον
1023 1688 1182 1768 respondet
1203 1697 1282 1750 statu
1297 1686 1542 1768 Amphiholiae

372 1790 484 1868 (Quint.
503 1790 551 1850 vll
567 1791 608 1868 9),
632 1791 779 1852 secundus
801 1791 907 1853 modus
929 1787 950 1874 ἢ
971 1790 1026 1873 τῆς
1043 1835 1076 1852 ..
1098 1791 1157 1853 τοῦ
1179 1793 1365 1873 νομοθέτου
1381 1799 1469 1864 statu,
1491 1787 1542 1869 qui

372 1894 554 1974 Scriptum
583 1901 616 1954 et
642 1895 811 1956 voluntas
839 1895 945 1956 dicitur
973 1894 1151 1970 (Quintili
1173 1896 1214 1971 6),
1244 1895 1367 1957 ultimus
1395 1888 1543 1973 modusr}

373 2000 483 2079 ἕτερον
509 2043 516 2059 .
544 2043 551 2057 .
585 1991 687 2079 νόμον
721 1991 969 2073 ἇντεισόγοντες
1005 2007 1084 2060 statu
1118 1998 1247 2080 Legum
1281 1997 1542 2060 contrariarum

374 2101 486 2174 (Quint.
502 2100 553 2161 Vll
569 2100 611 2179 7).
655 2101 752 2163 verbis
779 2099 814 2163 ἓν
840 2101 904 2164 τῶν
926 2098 1145 2183 ῥηθέντων..
1169 2097 1437 2184 συλλογιζόμεθα
1459 2099 1543 2160 deni·

373 2224 431 2284 que
445 2205 522 2284 leges
537 2203 667 2266 solvendi
682 2204 803 2266 modum
820 2205 936 2285 exponi,
955 2206 1006 2285 qui
1021 2214 1100 2267 statu
1116 2205 1352 2267 Collectionis
1369 2203 1480 2281 (Quint.
1492 2201 1540 2262 vlt

374 2307 406 2384 8)
440 2307 623 2394 respondeat,
654 2308 713 2368 veri
743 2309 926 2370 simillimum
956 2317 1010 2370 est.
1062 2327 1129 2370 cum
1160 2308 1238 2370 enim
1267 2308 1365 2370 omnia
1392 2304 1544 2388 participia

373 2411 487 2492 periodi
523 2429 610 2491 supra
648 2411 812 2492 adscriptae
844 2431 861 2473 a
894 2411 982 2473 verbo
1024 2407 1167 2494 λύσομεν
1199 2413 1358 2494 pendeant,
1398 2409 1543 2472 sententia

373 2512 408 2576 ἐκ
434 2513 503 2577 τῶν
529 2512 746 2598 ῥηθέντων..
771 2510 1038 2596 συλλογιζόμεθα
1062 2535 1116 2596 pro
1144 2516 1313 2597 parenthesi
1335 2513 1467 2577 habenda
1490 2520 1543 2585 est,

375 2637 431 2698 qua
461 2619 534 2679 alter
565 2617 671 2678 modus
697 2617 776 2696 leges
803 2617 933 2679 solvendi
954 2619 1123 2699 explicetur.
1167 2629 1198 2682 at
1218 2622 1291 2682 haec
1313 2619 1399 2680 verba
1424 2616 1544 2679 minime

374 2730 440 2801 apta
463 2721 585 2783 suntad
601 2719 818 2796 illustrandum,
842 2722 990 2801 quomodo
1009 2722 1142 2802 quaestio
1157 2723 1255 2802 legum
1270 2724 1370 2785 latoris
1386 2720 1545 2783 voluntatis

373 2824 553 2886 instituenda
576 2823 623 2884 sit.
667 2823 697 2885 in
720 2844 777 2904 qua
799 2845 859 2887 non
882 2845 917 2887 ex
937 2825 1046 2907 scripto
1061 2826 1218 2906 quicquam
1235 2827 1390 2908 colligitur,
1414 2826 1464 2886 sed
1487 2843 1545 2904 qua

375 2928 411 2988 de
437 2947 524 2989 causa
551 2946 668 3007 quoque
694 2929 815 2990 consilio
837 2930 884 2990 lex
906 2931 972 2992 data
994 2929 1032 2991 sit
1054 2930 1246 3006 examinatur,
1273 2939 1307 2993 ut
1329 2950 1402 3004 rem,
1431 2929 1466 2989 de
1488 2947 1545 3008 qua

374 3030 479 3110 agitur,
502 3030 572 3092 huic
592 3031 648 3110 legi
663 3031 863 3094 subiciendam
879 3052 939 3094 non
955 3052 1020 3095 esse
1035 3035 1261 3098 demonstretur.
1306 3036 1336 3096 in
1353 3042 1430 3095 statu
1446 3041 1545 3094 autem

375 3133 559 3196 Collectionis
575 3131 610 3195 ἐκ
624 3132 689 3198 τόν
705 3133 874 3219 ῥηθέντων
889 3135 1124 3214 συλλογίζεται.
1161 3142 1197 3200 cl.
1214 3138 1314 3212 Quint.
1331 3137 1380 3197 Vll
1396 3135 1414 3198 8
1429 3168 1442 3206 3
1464 3153 1545 3212 ergo

375 3237 432 3298 hic
457 3245 574 3299 status
603 3237 765 3316 (collectio)
795 3240 893 3302 ducit
919 3261 960 3302 ex
986 3261 1038 3318 eo,
1072 3242 1165 3322 quod
1192 3242 1366 3322 seriptum
1396 3248 1463 3314 est,
1497 3239 1545 3312 id,

376 3341 468 3420 quod
490 3341 666 3403 incertum
690 3353 745 3404 est
767 3343 1195 3425 (cf.Cic.delnr.ll§148).
1237 3345 1336 3424 itaque
1358 3345 1389 3405 in
1412 3343 1546 3425 Epitoma

379 3439 437 3527 (ἢ)
463 3440 498 3504 εἰι
519 3445 584 3507 τῶν
604 3442 796 3528 ῥηθέντων.
814 3493 821 3508 .
839 3493 869 3509 ..
894 3446 1163 3532 συλλογιζόμενοι
1179 3448 1368 3510 scribendum
1384 3467 1448 3509 esse
1464 3446 1547 3509 coni·

376 3546 481 3608 cimus.
525 3548 773 3628 quemadmodum
798 3560 935 3632 corrupta
950 3553 1038 3614 verba
1060 3552 1167 3614 codicis
1190 3552 1212 3612 P
1235 3545 1378 3614 ἀλλ’ὅτι
1401 3548 1438 3612 τὸ
1461 3571 1547 3631 προ-

377 3643 527 3732 κείμενον
553 3653 681 3715 sananda
709 3654 779 3726 sint,
806 3673 866 3716 non
888 3655 1030 3718 ridemus.
1074 3664 1153 3718 recte
1180 3655 1353 3737 particulam
1377 3651 1396 3737 ἢ
1419 3653 1546 3715 additam

377 3763 407 3817 et
428 3755 615 3837 participium
643 3753 911 3840 συλλογιζόμενοι
933 3758 1104 3821 restitutum
1128 3778 1192 3822 esse
1215 3759 1407 3821 confirmatur
1429 3755 1547 3839 Apsinis

447 3977 535 4030 1lost.
553 3978 586 4029 lll
604 3981 619 4030 6
637 3995 670 4044 ιο,
685 3995 726 4042 τες
748 3979 793 4032 Vll
811 3981 885 4032 6-9.
922 3981 953 4033 ci.
973 3983 1089 4045 hermog.
1109 3981 1177 4049 Spll
1198 3983 1245 4032 140
1258 3983 1360 4036 10-141
1375 3999 1410 4044 rs,
1436 3981 1483 4033 168
1493 3995 1546 4046 sqq:

446 4045 456 4079 λ
474 4047 650 4112 Hermagoras,
673 4049 716 4114 qui
740 4051 836 4115 primus
860 4057 979 4115 quattuor
998 4058 1080 4102 status
1100 4051 1195 4115 legales
1213 4051 1345 4115 distinxit,
1370 4050 1547 4116 amphiboliam

378 4115 466 4182 tertio,
484 4117 659 4183 syllogismum
669 4117 760 4167 ultimo
773 4117 830 4168 loeo
845 4120 992 4171 collacavit,
1020 4119 1172 4170 Cornificius
1184 4117 1233 4184 115
1248 4119 1346 4172 13-18
1359 4121 1445 4170 eodem
1459 4117 1548 4168 ordine

378 4199 440 4233 usus
468 4191 507 4234 est
531 4187 574 4236 sed
598 4186 666 4236 inter
691 4185 751 4236 illas
775 4193 861 4252 partes
885 4189 1079 4238 constitutionis
1103 4188 1233 4252 legitimae
1257 4189 1319 4239 duas
1341 4189 1408 4238 alias
1429 4186 1548 4237 inseruit.

379 4252 444 4317 apud
462 4253 611 4304 Ciceronem
630 4255 661 4304 do
674 4253 727 4306 lnv.
741 4253 761 4304 ll
780 4253 860 4319 §116
879 4257 1114 4306 controversiarum
1133 4258 1159 4306 in
1178 4257 1284 4323 seriptis
1303 4257 1468 4316 versantium,
1487 4269 1547 4320 quas

380 4321 452 4384 dicit,
475 4323 653 4372 controversie
678 4338 711 4372 ex
729 4323 845 4386 ambiguo
870 4331 928 4374 natu
953 4324 1033 4390 prima
1052 4333 1098 4376 est.
1134 4332 1192 4391 post
1209 4326 1298 4376 horum
1317 4326 1399 4389 igitur
1417 4326 1547 4375 rhetorum

380 4395 492 4456 tempora
512 4390 662 4456 amphibolia
681 4391 770 4442 ultimo
790 4391 847 4442 loeo
867 4393 993 4443 collocari
1011 4401 1100 4458 coepta
1119 4401 1166 4444 est.
