3536 5208
644 457 677 468 —-
730 417 849 486 XLVII
897 459 935 468 -

206 599 356 680 §quidam
381 608 497 680 praeter
520 607 580 660 tres
602 599 778 661 narrationis
792 600 927 682 virtutes,
949 600 1118 662 brevitatem
1138 599 1373 682 perspicuitatem

206 704 445 777 credibilitatem,
479 713 619 783 quattuor
651 704 721 764 alias
753 704 899 765 invenisse
933 704 1003 766 dicti
1037 713 1116 778 sunt,
1149 705 1313 766 Aristotelis
1345 713 1375 765 et

206 807 352 869 Theodori
374 807 536 868 sententiae
558 806 739 868 adferuntur.
783 825 853 867 casu
875 807 938 867 lieri
960 825 1020 868 non
1041 807 1146 887 potuit,
1169 817 1203 869 ut
1217 807 1374 880 Quintilia-

206 927 263 970 nus
285 918 315 970 et
337 910 486 972 Cornutus
509 909 566 970 boc
588 909 675 969 modo
697 909 775 970 iuter
796 929 826 970 se
850 920 1055 989 congruerent,
1084 911 1133 972 scd
1156 929 1230 991 qnae
1253 921 1375 990 uterque

206 1012 225 1072 l.
248 1013 267 1072 l.
290 1021 415 1086 enarrat,
444 1031 480 1073 ex
509 1012 610 1073 codam
637 1011 712 1073 libro
738 1012 858 1073 duxisse
885 1015 1048 1092 putandum
1072 1023 1126 1074 est.
1171 1015 1313 1093 sequitur,
1342 1021 1375 1074 ut

206 1115 236 1176 in
263 1116 319 1176 boc
344 1115 419 1177 libro
448 1123 477 1176 et
501 1123 700 1195 praeceptum,
731 1115 815 1176 cuius
837 1115 940 1188 Quint.
960 1116 996 1177 lll
1018 1115 1080 1186 2n
1102 1117 1280 1178 mentionem
1308 1117 1376 1178 lacit

206 1218 417 1297 (ιν-11968),
451 1229 481 1280 et
502 1219 541 1292 id,
574 1219 651 1298 quod
675 1217 775 1290 Quint.
791 1219 828 1278 lV
850 1219 912 1290 a„
934 1219 1030 1281 illudit
1052 1219 1148 1300 (ΞΕ
1170 1217 1266 1298 591),
1300 1219 1375 1280 exti-

207 1321 276 1383 tisse
309 1332 397 1402 atquc
429 1321 555 1382 eundem
589 1321 696 1382 librum
725 1341 740 1383 a
769 1321 949 1394 Quintiliano
979 1323 1014 1384 ad
1042 1323 1266 1384 conscribendas
1289 1325 1325 1398 §Q
1340 1321 1376 1382 lv

207 1423 225 1484 2
255 1457 360 1496 „942⁶
401 1425 564 1486 adhibitum
606 1444 671 1486 esse
714 1443 877 1486 sumamus.
936 1426 1113 1506 quibuscum
1149 1425 1213 1487 Arti
1254 1425 1376 1487 Cornuti

205 1527 282 1589 baud
309 1547 400 1608 pauca
426 1529 594 1589 communia
621 1537 713 1589 erant.
757 1528 892 1608 Epitome
923 1530 1001 1590 enirn
1030 1529 1060 1590 in
1083 1549 1117 1590 eo
1140 1529 1270 1601 offendit,
1297 1529 1376 1608 quod

205 1633 241 1706 §Q
257 1631 308 1705 99,
333 1631 392 1692 100
419 1641 573 1711 praecepta
604 1630 794 1692 iucunditatis
822 1640 851 1691 et
878 1631 1112 1710 magnificentiae
1140 1633 1287 1711 leguntur,
1321 1631 1376 1692 atsi

206 1733 339 1794 everbis
372 1733 522 1815 proximae
555 1736 572 1809 ᾖ
607 1733 673 1794 sici
708 1728 745 1795 dd
773 1737 808 1795 ot*
833 1733 917 1817 πρὸς
945 1733 1079 1806 ταύταις
1106 1743 1180 1806 ταῖς
1208 1733 1296 1812 τρισὶ
1324 1729 1377 1794 κτὲ

206 1855 294 1917 supra
322 1837 397 1898 solas
427 1846 487 1897 tres
517 1836 647 1908 virtutes,
679 1836 850 1898 brevitatem
880 1836 1117 1917 perspicuitatem
1143 1837 1376 1909 credibilitatem,

206 1948 342 2001 tractatas
364 1959 428 2000 asse
451 1940 625 2000 concludere
648 1939 798 2000 debemus.
843 1939 1043 2012 Quintilianus
1066 1946 1163 1999 autem
1188 1948 1218 2000 et
1239 1938 1376 2000 iucundi-

206 2049 296 2102 tatem
323 2051 354 2103 et
382 2042 628 2121 magnificentiam
651 2042 786 2102 adiuvare
809 2043 844 2102 ad
867 2043 1028 2122 augendam
1053 2041 1228 2103 narrationis
1251 2041 1377 2104 credibi-

205 2143 316 2205 litatem
340 2144 410 2205 dicit
426 2145 460 2205 lV
476 2144 495 2204 2
510 2177 555 2221 ης,
570 2177 618 2216 ns·
662 2146 739 2206 idern
762 2144 850 2224 igitur
865 2146 1029 2208 Cornutum
1047 2145 1191 2219 docuisse,
1215 2145 1264 2205 sed
1281 2145 1376 2218 rerba,

207 2266 281 2327 quac
308 2249 343 2309 de
370 2249 424 2310 hac
451 2267 482 2309 re
510 2251 626 2319 lecerat,
655 2246 691 2309 ab
720 2249 911 2328 epitomatore
935 2249 1043 2310 omissa
1066 2268 1130 2309 esse
1151 2247 1301 2329 probabile
1323 2257 1377 2309 est.

207 2352 318 2412 accedit
348 2353 426 2432 quod
457 2359 645 2432 praeceptum
674 2351 774 2424 Quint.
794 2352 830 2412 lV
858 2353 944 2424 2121,
980 2361 1012 2413 ut
1039 2352 1187 2413 interdum
1217 2350 1378 2412 sententiae

207 2454 367 2516 narrationi
394 2455 574 2527 inserantur,
604 2454 626 2514 E
653 2455 730 2523 ¹912
752 2455 915 2535 reperitur1
941 2464 971 2516 et
1001 2463 1188 2536 praecaptum
1218 2455 1318 2528 Quint
1342 2453 1378 2514 lV

209 2559 291 2630 212⁸,
324 2577 383 2638 quo
410 2559 525 2637 energia
556 2557 681 2618 multum
711 2557 745 2618 ad
774 2557 970 2618 narrationem
1001 2558 1170 2619 credibilem
1200 2558 1378 2619 reddendam

208 2662 341 2722 conferre
363 2662 479 2731 dicitur,
502 2665 563 2722 lere
586 2661 765 2722 adverbum
789 2679 856 2722 cum
880 2660 903 2720 E
922 2660 997 2734 §96
1020 2660 1178 2740 conspirat.

292 2764 482 2844 Praeceptum
511 2763 616 2824 ultimo
641 2763 705 2824 loco
726 2763 875 2824 laudatum
900 2781 1001 2824 ansam
1025 2763 1111 2824 nobis
1132 2762 1250 2842 praebet
1274 2762 1308 2822 ad
1331 2761 1379 2822 in-

208 2867 383 2928 veniendum
407 2877 559 2928 anctorum
585 2867 672 2927 unius
695 2866 771 2940 libri,
794 2867 871 2927 unde
887 2866 1036 2928 Cornutus
1058 2873 1212 2946 praecepta
1228 2865 1262 2925 de
1277 2883 1378 2925 narra-

210 2968 297 3032 tionis
326 2969 485 3030 rirtutibus
517 2968 714 3048 exscripserit.
759 2972 876 3050 energia
909 2971 987 3032 enim
1023 2971 1100 3031 inter
1133 2977 1244 3050 septem
1279 2979 1379 3049 tropos

208 3073 384 3134 narrationis
413 3079 603 3133 enumerator
623 3072 647 3132 ll
669 3076 687 3148 ἓ
709 3073 767 3134 105
796 3083 825 3134 et
852 3074 916 3135 eius
944 3073 1096 3154 explicatio
1118 3075 1210 3148 §111
1236 3072 1380 3152 superiori

208 3179 226 3250 ξ
242 3177 281 3238 06
304 3195 427 3257 prorsus
441 3195 494 3256 par
516 3186 570 3238 est.
605 3195 679 3256 quac
694 3196 711 3238 a
727 3176 856 3239 Cornuto
872 3178 908 3238 de
923 3177 1015 3257 tropis
1032 3176 1207 3238 narrationis
1222 3183 1376 3256 praecepta

210 3291 289 3353 sunt,
320 3280 418 3341 Neocli
446 3281 545 3342 deberi
567 3281 636 3342 inde
659 3281 831 3359 colligimus,
864 3281 941 3360 qnod
965 3281 1096 3342 eiusdem
1120 3281 1155 3341 de
1177 3279 1269 3360 tropis
1291 3297 1379 3357 argu·

211 3383 398 3444 mentationis
414 3384 500 3445 rerba
522 3386 540 3458 ᾖ
559 3385 617 3446 160
639 3385 822 3446 adferuntur.
867 3393 1054 3464 praeceptum
1080 3401 1157 3461 ergo,
1181 3392 1215 3443 ut
1231 3381 1379 3443 credibili-

210 3485 277 3547 tatis
300 3485 425 3548 studiosi
447 3487 594 3566 energiam
617 3487 782 3559 adhibeant,
805 3486 920 3548 Neoclis
936 3505 999 3548 esse
1015 3503 1188 3566 persuasum
1205 3483 1376 3545 babemus'.

210 3607 245 3648 es
266 3609 325 3668 quo
348 3589 483 3658 edicitur,
507 3597 540 3650 ut
561 3609 763 3670 quaecumque
779 3589 909 3650 Cornuto
929 3607 996 3650 cum
1013 3588 1195 3662 Quintiliano
1211 3587 1380 3648 communia

210 3691 301 3754 luisse
332 3692 526 3765 ostendimus,
558 3692 657 3754 Neocli
686 3692 909 3754 attribuamus³.
954 3692 1151 3765 Quintilianus
1181 3700 1281 3752 utrum
1310 3690 1381 3750 baec

279 3893 288 3925 ¹
306 3891 399 3946 Dubito
421 3908 453 3944 an
471 3900 604 3974 praecepto
624 3893 708 3957 Quint.
727 3893 760 3946 lV
779 3893 794 3942 2
810 3909 849 3947 rao
867 3907 964 3958 quoque
983 3907 1011 3942 ea
1036 3893 1114 3942 verba
1137 3893 1247 3956 subsint,
1276 3905 1380 3960 quornm

211 3961 739 4096 oncepppppmllppntpcrpppuxnlppppmskius
758 4043 781 4095 p.
799 4029 831 4079 36
854 4027 1044 4080 dissertationis
1063 4029 1190 4093 laudatae,
1212 4030 1237 4078 in
1257 4044 1329 4094 qoam
1347 4027 1380 4078 li·

212 4098 279 4148 bello
298 4107 385 4148 nostro
403 4099 453 4150 iam
472 4100 544 4163 prelo
566 4099 684 4150 mandato
708 4099 851 4160 incidimus,
873 4098 1020 4148 Alexandro
1039 4095 1161 4148 Numerio
1180 4096 1301 4147 vindicat.
1337 4113 1381 4147 ra-

212 4167 296 4217 tiones
319 4166 375 4217 eius
399 4182 429 4217 ne
447 4165 603 4230 refellamus,
621 4167 747 4230 augustiis
765 4166 817 4216 loci
834 4167 1005 4231 prohibemur.

279 4233 364 4286 ³lnra
388 4250 434 4285 nos
458 4236 494 4284 ita
517 4235 667 4285 concludere
693 4251 722 4285 oo
746 4239 933 4300 comprobatur,
960 4235 1024 4300 qood
1046 4233 1128 4283 omnia
1148 4240 1232 4283 cetera
1252 4231 1380 4298 Epitomos

212 4311 354 4370 praecepta,
379 4319 442 4370 qnae
467 4304 501 4353 ita
526 4319 582 4353 cum
605 4302 787 4367 Quintilianais
810 4304 979 4366 consentiunt,
1002 4310 1030 4353 ut
1051 4317 1083 4352 ax
1107 4302 1194 4352 codem
1216 4300 1287 4351 lonte
1305 4310 1381 4367 atquc

211 4371 274 4493 ῗέῧο
290 4372 536 4492 pppislsgbsnmanda
555 4372 615 4434 sint,
633 4371 738 4422 Neoclis
757 4387 813 4421 asso
831 4379 938 4422 constat.
970 4370 1001 4422 ci.
1016 4369 1221 4420 commentarium
1235 4371 1266 4419 ad
1278 4367 1310 4434 §5
1324 4370 1380 4432 172,

264 4477 271 4504 2
339 4478 347 4507 7
420 4477 426 4490 ¹
