3536 5208
776 357 815 366 —
863 319 1032 386 XXXVIII
1083 356 1116 364 -

365 500 527 562 Cornutum
555 499 674 562 nomina
705 505 842 579 quattuor
865 497 1005 560 orationis
1026 501 1154 579 partium
1182 507 1212 560 et
1233 499 1319 560 verba
1342 497 1377 562 ἐν
1399 499 1444 584 τῷ
1467 521 1531 561 πο-

364 601 479 684 λιτικῷ
501 599 601 684 λόγῳ,
624 621 699 682 quae
714 602 762 664 llS
785 602 911 675 exbibet,
934 601 1086 682 scripsisse
1100 611 1130 663 et
1144 602 1367 683 epitomatorem
1383 605 1412 665 in
1429 623 1530 666 eorum

364 708 461 768 locum
484 705 669 786 participium
692 705 734 768 τὰ
756 708 955 787 προκείμενα
971 715 1000 768 et
1013 725 1177 786 pronomen
1193 703 1228 769 ἐν
1242 705 1331 790 αὐτῷ
1345 707 1533 771 substituisse

321 846 323 852 ·
364 809 448 874 facilc
478 809 531 870 tibi
559 809 757 889 persuadebis,
780 828 847 872 oum
879 810 931 870 bas
954 810 1130 874 mutationes
1153 810 1250 873 studio
1272 812 1421 874 breviandi
1443 815 1533 873 lectas

365 931 430 976 esse
452 914 615 992 appcreet¹.

451 1015 534 1078 HSae
560 1016 713 1078 enuntiato
742 1016 830 1096 paulo
856 1017 987 1078 interiori
1010 1017 1217 1089 WV15111,
1245 1015 1368 1102 ἀνάγκη
1398 1013 1454 1080 οὖν
1476 1016 1534 1100 τὴν

366 1113 469 1202 ἀρχὴν
491 1116 526 1180 ἐκ
548 1121 738 1202 προοιμίων
760 1115 973 1201 ποιήσασθαι
997 1121 1069 1181 εἶθ’
1094 1116 1195 1193 οὕτως
1217 1120 1333 1205 ἑφεξῆς
1360 1120 1402 1183 τὰ
1430 1118 1537 1182 λοιπὰ

366 1221 579 1305 παραδοῦναι
602 1223 703 1283 eadem
719 1223 842 1286 Cornuti
864 1223 949 1284 verba
974 1224 1099 1286 subsunt
1114 1233 1201 1304 atque
1217 1226 1367 1306 Epitomes
1382 1224 1534 1286 enuntiato

369 1326 431 1401 52,
455 1326 506 1388 sed
535 1326 584 1386 ubi
607 1325 729 1388 Cornuti
751 1326 838 1388 verba
863 1325 1022 1405 integriora
1044 1336 1156 1388 servata
1184 1328 1244 1388 sint
1270 1328 1397 1390 discerni
1424 1327 1534 1406 nequit.

367 1439 435 1492 aute
449 1430 520 1490 illud
536 1428 721 1490 enuntiatum
738 1428 774 1490 ab
783 1428 830 1491 tls
839 1421 925 1490 causa
941 1430 1105 1509 exponitur,
1122 1450 1175 1492 cur
1190 1431 1319 1511 primurn
1335 1432 1371 1493 de
1386 1431 1535 1512 prooemio

367 1533 513 1612 agendum
536 1533 574 1594 sit
590 1531 734 1618 th15tt
754 1565 779 1601 15
802 1530 885 1614 φασὶ
908 1535 1030 1607 τοίνυν,
1055 1527 1098 1605 οἷς
1120 1529 1137 1596 o‘
1161 1528 1258 1612 λόγος
1273 1530 1401 1615 σώματι
1417 1531 1535 1608 ἔοικεν,

368 1631 524 1712 ἀναλογεῖ
552 1633 589 1697 δὲ
617 1635 656 1722 τῇ
684 1633 809 1722 κεφαλῇ
840 1633 876 1695 τὸ
899 1638 1091 1718 προοίμιον,
1114 1633 1151 1698 αἱ
1173 1627 1342 1719 διιγγήσεις
1363 1647 1434 1710 τοῖς
1456 1634 1537 1719 μετὰ
1562 1673 1565 1680 ‹

368 1739 426 1822 τήν
448 1735 604 1822 κεφαλὴν,
629 1734 662 1800 οἱ
685 1735 723 1800 δὲ
745 1733 867 1816 ἀγῶνες
888 1748 958 1812 τοϊς
981 1737 1029 1800 ἔτι
1051 1743 1235 1822 κατωτέρω,
1259 1739 1344 1802 τέλει
1367 1737 1404 1802 δὲ
1426 1736 1536 1821 σώμα-

369 1863 424 1916 τος
447 1837 463 1905 ὁ
487 1840 653 1919 ἐπίλογος.
703 1843 778 1903 benc
800 1842 975 1904 sententiam
998 1842 1091 1922 ipsam
1115 1863 1233 1924 quoque
1255 1841 1377 1906 Cornuti
1399 1844 1463 1905 Arti
1486 1843 1537 1904 de-

370 1947 431 2008 beri
454 1945 601 2027 probabile
624 1953 677 2006 est.
723 1963 791 2006 nem
816 1946 925 2026 optime
955 1946 989 2006 ad
1014 1946 1181 2024 proximum
1205 1947 1390 2008 enuntiatum
1413 1949 1537 2027 quadrat

370 2069 465 2130 neque
488 2049 617 2110 Cornuto
640 2048 758 2128 Indigna
780 2059 834 2110 cst.
878 2067 966 2128 quem
990 2049 1084 2110 simile
1107 2049 1252 2128 quoddam
1276 2050 1428 2131 scripsisse
1443 2070 1477 2112 eo
1492 2052 1537 2112 la-

370 2155 454 2216 cilius
480 2153 629 2225 credatur,
660 2153 738 2230 quod
765 2152 864 2221 Eos
890 2152 1150 2232 Apollodoreorum
1178 2153 1321 2233 prooemii
1349 2172 1415 2214 oum
1444 2152 1537 2233 capite

370 2257 615 2338 comparationem
638 2265 858 2316 commemoret.
912 2255 973 2315 sola
995 2264 1125 2316 extrema
1148 2256 1235 2317 verba
1257 2256 1325 2318 inde
1348 2257 1384 2317 ab
1407 2252 1443 2317 αἱ
1465 2254 1537 2337 διη-

369 2357 487 2443 γήσεις,
517 2378 591 2439 quse
618 2359 751 2419 stultiora
778 2368 857 2430 sunt,
885 2375 973 2436 quom
1002 2367 1035 2419 ut
1062 2357 1193 2420 Cornuto
1220 2358 1414 2432 vindicentur,
1442 2379 1538 2439 neque

370 2466 434 2526 eius
448 2463 520 2534 Arti,
542 2462 589 2524 cui
612 2457 734 2538 ἀγῶνες
755 2460 847 2540 ignoti
870 2469 948 2534 sunt,
971 2469 1038 2542 apta
1060 2469 1150 2535 erant,
1174 2481 1227 2542 pro
1242 2461 1439 2524 additamento
1455 2463 1538 2525 HSae

371 2568 503 2630 habenda
526 2575 604 2628 sunt.
650 2637 660 2658 ·

456 2670 499 2732 th
526 2669 574 2730 HS
601 2670 679 2730 inter
705 2670 907 2744 enuntiatum,
937 2689 996 2749 quo
1022 2669 1151 2750 primum
1175 2669 1358 2750 prooequm
1381 2678 1537 2732 tractatum

372 2775 409 2836 iri
423 2773 607 2856 promittitur
621 2771 891 2849 (wvt5111,=n
906 2773 977 2852 §lg
993 2782 1023 2834 et
1037 2773 1240 2854 etymologiam
1257 2774 1385 2835 nominis
1396 2773 1539 2854 prooemii

372 2877 421 2957 (W
436 2877 472 2938 Vl
488 2878 547 2938 511
565 2909 591 2946 ῃ
605 2875 686 2936 :tt
707 2881 725 2952 ξ
741 2877 773 2955 4)
797 2877 941 2938 sententia
962 2877 999 2938 W
1014 2875 1051 2938 Vl
1067 2878 1125 2937 511
1144 2908 1222 2947 eo-nr
1245 2878 1353 2939 inserta
1376 2886 1429 2951 est,
1464 2895 1538 2955 quae

372 2981 563 3060 Hermogenis
586 2981 747 3041 doctrinam
771 2981 948 3041 inventionis
971 2990 1090 3060 spectat.
1147 2981 1242 3042 llSam
1271 2980 1348 3061 apud
1375 2979 1538 3041 Cornutum

373 3086 414 3146 illi
437 3086 598 3156 enuntiato,
622 3085 700 3164 quod
723 3086 807 3163 quasi
823 3084 1053 3164 propositionem
1071 3085 1207 3146 thematis
1223 3085 1319 3157 babet,
1335 3083 1539 3164 etymologiam

373 3189 572 3250 continuatam
595 3188 699 3267 legisse
721 3199 834 3249 certum
859 3198 911 3262 est,
935 3207 1002 3248 cum
1026 3188 1048 3248 E
1071 3188 1133 3263 §3,
1160 3207 1217 3268 qua
1239 3187 1400 3248 Alexander
1426 3186 1468 3247 eis
1490 3205 1540 3246 re-

373 3310 519 3372 pugnasse
541 3291 655 3361 dicitur,
679 3293 729 3370 qni
751 3291 933 3372 prooemium
958 3301 987 3352 et
1009 3291 1154 3371 epilogum
1178 3311 1213 3352 ex
1235 3291 1345 3353 eisdem
1368 3290 1431 3370 capi
1454 3289 1540 3352 doce-

374 3395 455 3464 bant,
477 3393 636 3475 genuinum
659 3395 756 3455 locum
779 3413 838 3455 non
862 3403 993 3474 occupet.
1037 3394 1185 3456 Cornutus
1207 3396 1295 3468 enirn,
1318 3396 1368 3474 qul
1390 3394 1420 3455 in
1436 3393 1540 3456 ceteris

376 3493 421 3556 de¹
433 3495 600 3558 inventione
624 3497 711 3558 toruis
734 3497 807 3558 nibil
822 3498 857 3557 de
873 3497 994 3576 singulis
1010 3497 1148 3559 orationis
1163 3500 1294 3578 partibus
1310 3499 1434 3571 disserit,
1458 3503 1541 3558 ante—

377 3618 464 3678 quam
498 3619 596 3660 earum
632 3600 816 3661 definitiones
849 3601 968 3672 adferat,
1003 3601 1038 3661 dc
1071 3602 1213 3680 prooemii
1243 3601 1319 3681 topis
1343 3620 1402 3662 non
1425 3600 1541 3680 egisset,

377 3713 532 3781 antequam
555 3703 624 3782 quid
647 3711 724 3764 esset
746 3704 929 3784 prooemium
956 3705 1148 3783 exposuisset.
1204 3704 1353 3766 Cornutus
1384 3704 1473 3783 igitur
1506 3703 1541 3764 ab

378 3806 550 3886 etymologia
583 3806 711 3868 nominis
744 3807 895 3887 prooemii,
929 3825 1015 3886 quam
1050 3807 1269 3870 definitionibus
1297 3807 1469 3888 praecedere
1491 3825 1542 3888 par

378 3917 450 3981 erat,
472 3919 538 3990 post
560 3910 788 3989 propositionem
813 3909 950 3972 thematis
972 3910 1123 3990 incepisse,
1147 3911 1321 3992 epitomator
1340 3911 1472 3972 ordinem
1495 3910 1542 3971 in·

378 4012 500 4076 vertisse
523 4014 671 4093 putandus
692 4023 746 4076 ost.
791 4015 861 4075 baec
883 4013 1056 4094 etymologia
1077 4015 1113 4076 ab
1136 4015 1326 4095 epitomatore
1354 4016 1456 4096 purior
1483 4023 1543 4078 tro·

381 4117 460 4178 ditur
493 4135 581 4196 quem
615 4117 651 4178 ab
674 4117 721 4178 HS
744 4117 950 4185 wv151122
971 4127 1001 4178 et
1022 4117 1071 4178 vlt
1093 4118 1183 4191 521⁷,
1218 4119 1268 4198 qui
1301 4137 1364 4180 eam
1389 4118 1543 4198 utrobique

450 4272 458 4304 ¹
477 4272 569 4324 Eadem
587 4234 703 4323 dte—causo
716 4273 847 4340 Epitomes
860 4274 937 4323 verba
959 4276 967 4323 l
986 4290 997 4325 5
1016 4270 1079 4331 τοὺς
1091 4271 1121 4325 dt
1132 4268 1275 4340 ἐπιλόγους
1285 4267 1426 4342 ἔποὶγομεν
1437 4274 1544 4338 genuina

383 4340 486 4390 Cornuti
504 4355 560 4391 esso
579 4348 605 4391 et
622 4342 653 4392 ab
672 4340 711 4390 llS
730 4343 755 4390 in
774 4341 827 4394 τῶν
845 4339 873 4393 δὲ
890 4337 1025 4410 ἔπιλόγων
1042 4349 1136 4393 mutata
1155 4357 1211 4394 esse
1230 4344 1365 4395 oredimus.

1744 783 1747 1004 l
