3538 5212
693 399 913 462 ..25-

222 598 298 651 νοιν,
323 571 395 639 οὔδ’
418 569 520 651 οὑτως
542 573 643 638 καλὸν
665 573 874 660 διηγεῖσθαι·
897 575 956 638 τοῦ
969 597 1005 637 τε
1018 574 1081 658 γὰρ
1099 576 1307 657 ἰσχυροτέρου
1330 575 1385 638 καὶ

222 679 483 765 δραστικωτέροο
499 676 543 761 μή
560 681 749 753 πείσαντος,
771 674 867 740 οὐδὲν
882 674 995 741 άνάσει
1011 675 1030 760 ή
1047 676 1206 761 διήγησις.
1245 679 1311 742 131.
1328 680 1387 742 τοῦ
1473 709 1477 718 ⁴

222 782 259 846 δὲ
280 781 324 865 μή
348 781 420 844 δεῖν
441 777 524 862 μετά
545 777 602 852 τάς
624 783 756 854 πίστεις
778 779 974 863 διηγεῖσθαι
1001 773 1285 863 ἀποδεδειγμένου
1308 779 1387 845 άιιά-

222 885 349 950 λουθον
370 882 407 947 τὸ
430 879 512 965 μηδὲ
534 881 617 966 μετά
637 883 694 947 τὸν
716 883 873 961 ἐπίλογον
896 880 997 958 αὑτάς
1018 880 1210 947 τάττεσθαι.

186 1001 203 1054 5
308 987 379 1050 132.
406 982 585 1069 Ἐζήτησοιν
600 987 639 1050 δέ
652 1009 737 1062 τινες
752 987 931 1062 καὶτοῦτο,
949 987 979 1048 εί
993 990 1029 1050 ἓν
1044 987 1139 1069 σῶμα
1153 985 1213 1071 τήν
1235 987 1389 1072 διήγησιν

223 1093 381 1173 ποιητέον
407 1087 427 1172 ή
454 1092 626 1170 μεριστέον
652 1087 752 1174 αὑτήν
783 1090 831 1164 είς
856 1085 975 1153 πολλά.
1025 1087 1109 1152 ἔνιοι
1137 1090 1196 1172 μὲν
1224 1087 1281 1154 οὖν
1303 1108 1388 1175 φασι

222 1194 267 1278 μή
291 1193 363 1258 δεῖν
386 1191 581 1276 μερίζεσθαι
604 1191 664 1275 τήν
686 1191 852 1277 διήγησιν,
875 1187 950 1256 ἄλλ’
974 1189 1057 1276 ὁμοῦ
1080 1194 1195 1257 πᾶσαν
1218 1190 1318 1278 αὑτήν
1339 1220 1389 1258 τι-

222 1300 336 1362 θέναι·
353 1295 436 1380 μηδὲ
450 1293 512 1377 γάρ
527 1296 592 1359 τῶν
607 1294 716 1361 ἄλλων
730 1296 834 1381 μηδὲν
852 1293 1060 1379 μερίζεσθαι.
1092 1298 1161 1360 133.
1179 1295 1389 1380 Ἀλέξανδρος

222 1399 260 1464 δὲ
281 1396 323 1461 τά
344 1422 378 1461 τε
401 1396 485 1462 άλλα
507 1399 589 1483 φησὶ
612 1399 684 1464 δεῖν
706 1399 916 1483 μερίζεσθαι,
940 1398 980 1464 ἂν
1002 1394 1022 1487 ή
1044 1403 1149 1480 χρεία,
1173 1401 1227 1462 καὶ
1243 1401 1301 1484 τήν
1316 1398 1388 1485 διή-

174 1519 206 1572 10
224 1519 335 1585 γησιν,
358 1497 437 1566 ὅταν
452 1499 597 1592 πολλάή
618 1503 660 1566 τὰ
681 1499 880 1587 ἐγκλήματα·
903 1502 961 1577 τάς
983 1502 1042 1585 μὲν
1063 1502 1124 1588 γάρ
1146 1502 1204 1566 ἐπὶ
1227 1505 1289 1587 μιᾷ
1311 1521 1390 1568 σον-

226 1608 401 1686 ισταμένας
439 1605 532 1684 αἰτίᾳ
570 1605 760 1688 σωματικάς
787 1616 899 1670 ποιεῖν
931 1602 1112 1684 ἀναγκαῖον
1142 1604 1388 1683 ἑνοποιοῦντας,

223 1708 281 1782 τὰς
304 1707 340 1771 δὲ
362 1703 421 1770 ἐπὶ
444 1707 585 1782 πολλαῖς
608 1707 863 1792 διεσπαρμένας.
913 1705 1074 1782 πολλάκις
1096 1708 1134 1771 δέ
1156 1725 1238 1792 φησι
1262 1709 1318 1772 καλ
1341 1709 1388 1772 δι’

223 1805 304 1875 αὑτὸ
333 1811 369 1875 τὸ
398 1813 511 1894 μήκος,
540 1810 598 1874 ἐὰν
624 1799 686 1874 ὦσι
708 1816 848 1896 μακραί,
872 1813 1044 1894 μεριστέον
1066 1808 1178 1888 αὑτάς,
1203 1818 1259 1876 ίνα
1280 1812 1324 1896 μή
1347 1809 1390 1887 οἷς

224 1914 260 1979 έν
283 1912 412 1996 ἱστορία
435 1912 655 1999 άφηγάμεθα.

172 2033 204 2088 15
312 2019 381 2081 134.
417 2013 526 2083 Πάλιν
553 2015 727 2101 ἐζήτησαν,
761 2018 792 2080 εί
819 2016 873 2099 ἐφ’
903 2015 975 2092 ἑνὸς
1001 2018 1057 2080 καί
1083 2018 1141 2080 τοῦ
1169 2013 1269 2081 αὑτοῦ
1299 2015 1388 2102 ζητή-

224 2144 325 2203 ματος
346 2119 407 2205 μία
429 2120 493 2203 άρα
514 2120 534 2204 ή
550 2119 701 2204 διήγησις
717 2118 736 2202 ή
752 2119 884 2184 πολλαί.
926 2121 981 2184 καὶ
1000 2115 1173 2202 Θεόδωρος
1187 2119 1248 2203 μὲν
1263 2118 1390 2195 πολλάς

177 2230 180 2233 ’
224 2242 307 2309 φησι
329 2229 499 2304 γίνεσθαι,
523 2224 579 2287 καὶ
601 2223 641 2287 ἕν’
657 2233 731 2298 ταῖς
753 2234 989 2308 παραγραφαῖς
1011 2221 1072 2288 δὺο
1092 2223 1195 2308 φησὶν
1211 2226 1309 2300 εῖναι,
1332 2221 1390 2308 τήν

223 2349 259 2391 τε
284 2329 341 2412 τῆς
363 2329 475 2403 αἰτίας
496 2327 551 2390 καὶ
573 2326 634 2411 τήν
655 2316 711 2411 τής
733 2329 954 2412 παραγραφῆς
976 2323 1085 2412 αὑτής.
1139 2327 1208 2389 135.
1239 2319 1412 2400 Ἀλέξανῦ
1522 2397 1531 2412 ρ

225 2430 301 2510 δρος
319 2429 394 2514 (δὲ)
413 2427 431 2494 δ
452 2431 511 2495 τοὺ
534 2435 725 2515 Νουμηνίου
747 2428 785 2496 οὔ
801 2450 883 2515 φησι
907 2428 967 2495 δύο
990 2433 1077 2495 εἶναι
1099 2428 1246 2513 νομίζειν
1262 2429 1334 2494 δεῖν
1355 2428 1391 2492 ἓν
1411 2468 1482 2511 m

173 2551 206 2604 20
224 2534 287 2616 μιᾷ
311 2530 477 2598 ὑποθέσει
501 2531 506 2620 1
529 2532 707 2620 διηγήσεις.
759 2530 832 2597 ἀλλ’
861 2535 892 2598 εί
918 2535 979 2616 μὲν
1005 2535 1087 2598 καθ’
1114 2529 1253 2616 ἑκάστην
1278 2533 1391 2597 αἰτίαν
1411 2542 1484 2596 123ν

227 2635 298 2699 ίδία
321 2632 488 2712 ὑπόθεσις
506 2641 646 2716 γίνεται,
662 2631 734 2701 ἰδία
749 2636 804 2699 καὶ
821 2633 972 2721 διήγησις
987 2637 1093 2716 ἔσται,
1110 2639 1141 2702 εί
1155 2636 1193 2701 δέ
1207 2638 1242 2701 ἐκ
1258 2637 1391 2702 πολλάν

225 2741 342 2804 αίτιῶν
364 2745 426 2824 μία
449 2743 641 2824 συνέστηκεν
662 2739 841 2816 ὑπόθεσις,
866 2736 924 2818 οὑχ
946 2736 998 2803 ὅτι
1021 2739 1057 2804 αἱ
1079 2743 1187 2804 αἰτίαι
1212 2733 1389 2825 (πολλαί),

225 2843 349 2907 πολλαὶ
372 2845 426 2907 καὶ
449 2841 485 2907 αἶ
508 2842 678 2927 διηγήσεις
699 2841 847 2918 έσονται,
872 2835 946 2905 ἀλλ’
969 2838 1020 2907 ὅτι
1042 2848 1104 2926 μία
1125 2837 1293 2918 ὑπόθεσις
1315 2860 1391 2906 συν-

226 2950 351 3031 έστηκε,
375 2951 438 3031 μία
460 2946 552 3011 ἔσται
575 2948 630 3010 καὶ
653 2944 672 3030 ή
695 2945 858 3031 διήγησις·
883 2941 960 3008 οὑδὲ
982 2947 1044 3029 γάρ
1067 2946 1102 3011 ἐν
1122 2957 1196 3020 ταῖς
1218 2967 1390 3029 παραγρα-

174 3061 207 3114 25
227 3059 307 3133 φαῖς
329 3049 383 3113 δεῖ
405 3048 464 3115 δὺο
488 3053 573 3115 εἶναι
600 3047 784 3136 (νομίζειν)
808 3048 987 3132 διηγήσεις,
1004 3044 1088 3112 άλλά
1102 3052 1184 3133 μίαν
1198 3049 1277 3130 μιάς
1293 3047 1391 3132 οὔσης

226 3154 282 3238 τής
304 3149 499 3227 ὑποθέσεως
521 3152 557 3226 ἐξ
578 3149 773 3236 ἀμφοτέρων
795 3153 863 3215 τῶν
889 3153 1019 3215 αἰτιῶν·
1044 3149 1082 3216 οὑ
1103 3153 1165 3236 γάρ
1188 3149 1224 3214 αἲ
1248 3155 1389 3227 πίστεις,

226 3361 282 3445 τής
304 3359 495 3444 διηγήσεως,
519 3361 566 3434 είς
588 3363 623 3423 ἓν
644 3359 682 3423 δὲ
705 3353 849 3433 ἅπαντα,
873 3358 920 3431 είς
942 3362 1070 3435 πίστιν,
1095 3355 1259 3437 ἀνάγεται.

156 3482 209 3534 444
357 3465 426 3526 136.
466 3462 531 3547 Τήν
553 3462 590 3526 δέ
612 3465 668 3546 τής
684 3459 863 3547 διηγήσεάς
877 3479 981 3547 φησιν
996 3459 1169 3546 ἑρμηνείαν
1179 3458 1393 3542 Ἀλέξανδρος

174 3579 209 3633 30
270 3565 287 3629 ὁ
312 3567 370 3629 τοῦ
394 3570 583 3650 Νουμηνίοο
605 3569 814 3650 θρασυτέραν
836 3565 909 3629 δεῖν
930 3568 1016 3630 είναι
1039 3567 1094 3649 τής
1114 3564 1149 3629 ἒν
1163 3566 1208 3650 τῷ
1223 3567 1392 3647 προοιμίῳ

271 3672 326 3731 καί
342 3666 410 3732 ποὺ
431 3694 463 3731 τι
486 3670 541 3732 καὶ
564 3667 839 3754 παραβολώτερον
861 3667 1000 3748 ἔχουσαν
1022 3669 1077 3732 καὶ
1092 3669 1176 3750 πρὸς
1192 3666 1306 3742 πάθος
1321 3665 1392 3731 νεύ-

272 3788 386 3848 ουσαν,
415 3768 516 3846 οὑτιος
542 3772 580 3836 δὲ
607 3769 650 3846 οἱς
676 3769 757 3856 μήτε
782 3771 819 3836 τὸ
846 3775 964 3856 μέτρον
991 3768 1218 3855 ὑπερβαίνειν·
1247 3771 1300 3834 δεῖ
1329 3770 1391 3854 γάρ

298 4040 358 4089 1τε
380 4038 459 4089 delF
512 4035 600 4087 2τοῦ
622 4037 683 4088 τεΡ
707 4036 783 4088 omF
836 4037 918 4103 Timo
936 4039 1066 4087 τίθεσθαι
1082 4035 1115 4101 Sp
1169 4035 1199 4089 10
1216 4035 1393 4104 μιᾶςΡεοτι·

228 4108 278 4172 Sag
327 4109 353 4159 11
374 4105 596 4162 αἰτίαςΡοοιι·11
646 4107 675 4156 15
695 4104 885 4170 ζητήματοςθτ
903 4096 1102 4173 διηγήματοςΡ,
1120 4101 1314 4174 πράγματοςῐί
1362 4105 1393 4156 19

228 4175 256 4228 δὲ
273 4177 320 4226 add
334 4176 367 4242 Sp
418 4175 451 4224 22
469 4175 572 4225 πολλαί
587 4175 633 4224 add
647 4173 696 4238 Seg
747 4174 779 4225 28
797 4175 837 4230 εἰς
853 4171 913 4226 &P
931 4170 1026 4229 ἑνὸςλί
1050 4171 1059 4242 ΙΙ
1082 4170 1275 4226 &naorawio
1294 4167 1392 4223 αὑτὺΡ

228 4318 546 4329 ——-—-—-

297 4414 313 4480 §
334 4415 379 4467 132
399 4412 466 4468 ἔνιοι
484 4415 501 4465 i.
515 4429 536 4464 ο.
550 4414 725 4484 Apollodorei.
