3536 5208
697 413 948 479 —xlx-

241 591 439 652 Marcellinum
469 591 593 653 indivisa
623 601 652 654 et
679 592 770 672 magis
797 591 905 653 intacta
934 593 1043 653 servari
1069 593 1226 672 intelleget.
1276 595 1403 674 quodsi

240 695 424 756 Marcellinus
452 697 523 757 haec
550 695 636 757 verba
667 697 703 757 ah
730 698 798 757 Arte
826 695 969 775 repetisse
992 697 1153 759 sumendus
1176 705 1231 771 est,
1253 696 1404 776 Epitomes

239 798 451 873 fabricatorem,
476 818 563 879 quern
586 799 747 879 permultas
775 808 805 859 et
834 817 952 877 magnas
980 807 1077 878 partes
1100 798 1178 860 Artis
1206 798 1347 860 excidisse
1370 819 1405 860 ex

240 902 383 980 excerptis
416 902 453 962 ab
476 901 667 980 Hermogenis
701 903 736 963 de
769 901 937 962 inventione
971 901 1113 963 librorum
1138 902 1298 963 Scholiasta
1321 902 1405 964 lactis

241 1003 311 1064 satis
333 1003 475 1083 adparuit,
499 1004 585 1066 etiarn
608 1013 706 1083 partes
728 1004 806 1065 Artis
830 1005 1019 1066 cohaerentes
1047 1004 1238 1084 discerpsisse
1262 1014 1291 1067 et
1312 1025 1404 1085 quae·

240 1109 307 1168 dam
330 1108 410 1168 falsis
432 1106 502 1168 locis
525 1107 657 1186 posuisse
681 1107 837 1186 studioque
860 1107 1010 1168 breviandi
1033 1115 1163 1168 mutasse
1186 1108 1289 1170 elucet.
1329 1108 1405 1170 Mar-

240 1211 378 1272 cellinum
394 1217 492 1271 autem
508 1209 554 1270 illa
570 1210 657 1271 verba
670 1210 732 1272 hrti
749 1210 853 1272 debere
876 1230 911 1272 eo
933 1210 1135 1285 confirmatur,
1157 1212 1237 1290 quod
1251 1211 1319 1274 inde
1335 1212 1405 1274 ahas

240 1313 397 1394 particulas
420 1312 583 1392 exscripsit.

325 1417 359 1476 W
374 1415 412 1476 lV
427 1415 489 1477 422
505 1446 531 1486 27
553 1425 692 1496 quattuor
714 1419 786 1478 lines
809 1416 916 1497 epilogi
938 1425 1166 1490 enumerantur,
1194 1436 1321 1496 quorum
1344 1417 1406 1497 pri·

241 1538 307 1580 mus
329 1529 358 1580 et
381 1519 487 1580 tertius
508 1520 586 1580 iuter
608 1520 714 1600 epilogi
736 1521 809 1580 lines
831 1518 855 1579 E
877 1522 914 1594 ἐξ
931 1519 1097 1582 ree-200
1125 1519 1236 1581 adlatos
1258 1519 1354 1599 primo
1377 1527 1407 1580 et

239 1623 326 1684 tertio
348 1623 411 1684 loco
434 1623 630 1703 reperiuntur,
654 1623 726 1685 alter
741 1622 864 1695 Neoclis,
886 1623 960 1683 alter
975 1623 1129 1684 Alexandri
1152 1640 1260 1684 nomen
1283 1641 1353 1703 prae
1375 1641 1406 1683 se

239 1726 347 1787 ferens.
402 1744 462 1786 non
495 1726 526 1787 in
559 1727 614 1788 alio
646 1727 721 1786 libro
755 1726 811 1787 nisi
837 1726 868 1787 in
891 1727 969 1796 Arte,
993 1726 1077 1788 cuius
1100 1725 1256 1805 Epitomen
1279 1725 1405 1797 edimus,

239 1829 356 1891 Neoclis
378 1839 408 1890 et
430 1829 583 1890 Alexandri
606 1831 679 1891 lines
701 1829 741 1891 ita
763 1830 936 1890 coniunctos
958 1829 1049 1890 fuisse
1071 1829 1150 1890 credi
1172 1837 1278 1910 potest.
1328 1828 1406 1889 Mar-

241 1934 363 1994 cellinus
386 1950 455 2010 ergo
479 1933 532 1993 hac
554 1935 623 1994 Arte
647 1952 718 1994 usus
741 1940 795 1994 est.
850 1931 898 1992 cui
920 1933 1083 1993 secundum
1106 1935 1183 2011 apud
1206 1931 1405 1992 Marcellinum

240 2036 346 2116 epilogi
368 2036 458 2096 smem
481 2035 627 2096 vindicare
649 2055 709 2096 non
733 2036 911 2109 dubitamus,
934 2054 1003 2096 nam
1026 2035 1177 2115 Epitomes
1200 2034 1405 2096 fabricatorem

241 2141 320 2200 hunc
342 2140 444 2200 eodem
463 2139 559 2212 modo,
575 2159 633 2218 quo
649 2140 849 2201 Marcellinum
866 2139 1029 2200 secundum
1045 2138 1194 2218 Epitomes
1209 2139 1297 2200 tinem
1315 2140 1404 2214 §199

242 2242 376 2304 omisisse
399 2241 459 2303 veri
482 2243 605 2304 similius
628 2253 673 2304 est
695 2263 782 2322 quam
806 2241 1005 2303 Marcellinum
1028 2242 1106 2303 inter
1128 2243 1201 2303 duos
1223 2242 1307 2316 fines,
1330 2261 1405 2322 quos

241 2367 277 2408 ex
299 2367 359 2408 uno
381 2348 445 2408 loco
468 2346 631 2427 exscripsit,
654 2347 772 2409 aliunde
794 2347 951 2427 repetitum
967 2345 1158 2406 interiecisse.
1195 2365 1291 2426 neque
1306 2355 1405 2408 autern

241 2461 381 2530 quartum
404 2451 494 2510 linem
514 2451 549 2511 W
564 2450 601 2510 IV
616 2450 724 2525 42230,
749 2452 794 2513 cui
817 2449 976 2511 Minuciani
998 2469 1107 2511 nomen
1128 2451 1274 2530 praefixus
1298 2459 1351 2525 est,
1374 2451 1406 2511 in

242 2556 311 2614 Arte
334 2572 401 2615 cum
425 2552 624 2634 superioribus
652 2554 842 2616 coniunctum
864 2554 956 2615 luisse
977 2553 1135 2624 credimus,
1158 2553 1225 2632 quia
1248 2554 1329 2616 nullo
1351 2555 1406 2616 alio

241 2657 305 2717 loco
328 2657 407 2718 Artis
429 2657 572 2736 quaedam
595 2677 610 2718 a
633 2657 800 2719 Minuciano
821 2657 944 2736 repetita
965 2656 1142 2718 invenimus.

328 2760 484 2841 Complura
507 2762 621 2822 minora
644 2763 721 2822 Artis
745 2771 879 2841 excerpta
901 2761 932 2822 in
954 2762 1057 2822 eodem
1074 2759 1231 2822 Marcellini
1254 2777 1401 2822 commen·

243 2863 309 2925 larii
331 2863 424 2944 capite
447 2863 585 2943 dissipata
608 2873 686 2939 sunt,
709 2869 866 2944 quaesere
889 2865 924 2926 ad
947 2865 1069 2926 verbum
1092 2883 1159 2926 cum
1181 2863 1241 2925 suis
1257 2863 1407 2944 Epitomes

242 2967 313 3028 locis
336 2975 516 3047 congruunt:

605 3069 693 3130 WIV
903 3071 926 3130 Ε

585 3171 716 3242 anas-0
816 3171 1073 3248 :renorma

585 3276 647 3336 424
662 3303 741 3347 2547
813 3279 890 3351 εξ
921 3276 982 3338 202

585 3380 743 3451 424a7-ao
817 3383 892 3454 =§
927 3379 988 3442 235

585 3482 647 3543 426
663 3512 742 3554 17-19
814 3486 891 3557 εξ
920 3483 983 3544 204

585 3585 892 3661 42631-4272=§
927 3585 988 3646 212

586 3688 729 3758 4273-10
814 3692 889 3763 εξ
919 3688 1000 3750 205¹

696 3819 745 3879 ΠΙ.
779 3819 956 3882 Nicolaus.

328 3923 381 3984 llic
414 3931 517 3984 auctor
546 3923 850 4003 Progymnasmatum,
884 3941 958 4003 quae
990 3918 1150 3981 uincuhius
1173 3920 1213 3998 Sp
1235 3917 1352 3979 111449
1374 3935 1410 3977 ex

244 4026 395 4106 anonymis
417 4026 448 4086 in
469 4026 671 4106 Aphthonium
694 4025 813 4088 scholiis
827 4026 863 4087 W
878 4027 904 4088 ll
926 4023 1035 4097 effodit,
1057 4022 1232 4084 veterrimus
1254 4021 1407 4081 rhetorum

312 4169 408 4218 llluare
431 4169 536 4219 lacunae
554 4168 698 4219 Marcellini
722 4168 899 4218 commentarii
916 4167 1045 4232 Epitomes
1070 4165 1156 4216 verbis
1180 4163 1279 4228 expleri
1297 4168 1409 4228 possunt.

244 4236 277 4288 W
292 4235 325 4288 lv
337 4237 387 4288 423
402 4253 415 4290 5
434 4237 499 4287 enim
516 4245 574 4304 post
585 4238 664 4288 verba
682 4235 763 4306 ἔργον
780 4235 811 4289 δὲ
828 4227 958 4301 ἔπιλόγου
975 4232 1043 4285 κατὰ
1054 4231 1187 4284 Πλάτωνα
1206 4232 1332 4292 (πλείονα
1346 4230 1410 4296 quod

243 4307 364 4368 traditur,
382 4305 520 4356 Finclhins
539 4306 665 4368 correxit)
691 4307 721 4358 ἐν
741 4304 865 4374 Φαίδρῳ·
892 4303 921 4355 ἔν
948 4303 1088 4370 κεφαλαίῳ
1114 4302 1224 4368 λέγοντα
1251 4295 1411 4365 ὑπομνῆσαι

244 4374 290 4426 ἐπὶ
311 4374 418 4445 τελευτῇ
439 4370 501 4430 τοὺς
522 4369 669 4431 ἀκούοντας
688 4376 824 4425 inserenda
841 4379 901 4424 sunt
918 4371 998 4422 verba
1015 4371 1036 4420 a:
1054 4372 1085 4420 41
1100 4386 1125 4422 aa
1142 4370 1195 4420 τῶν
1212 4370 1360 4438 εἰρημένων
1377 4395 1411 4404 -

243 4461 269 4498 aa
286 4443 421 4513 διεγεῖραι.
461 4443 493 4494 W
506 4441 541 4496 lV
559 4444 648 4498 42618
666 4437 736 4494 ὥστε
757 4440 824 4512 (ph)
845 4441 1004 4492 scribendum
1022 4447 1063 4491 est
1080 4445 1109 4488 ut
1126 4438 1146 4488 ll
1166 4439 1198 4487 40
1211 4452 1243 4490 as.

1215 4521 1250 4576 b*
