3538 5212
834 465 878 474 -
923 425 1043 492 LXXII
1093 463 1127 472 -

399 608 483 670 verba
502 607 578 668 brtis
601 607 630 668 13
654 605 797 686 excerptis
820 613 931 666 servata
955 603 1006 666 sed
1028 603 1065 666 ab
1087 605 1278 686 epitomatore
1298 606 1360 687 ipso
1377 613 1487 667 mutata
1503 627 1567 668 esse

399 719 478 791 patet
501 709 548 788 (ut
567 709 590 770 E
610 709 661 786 2⁸,
680 714 728 782 10).
764 707 948 770 scholiorum
976 708 1103 770 Theonis
1129 716 1159 769 et
1184 709 1290 770 veteris
1317 709 1566 789 Interpretationis

399 814 558 896 Aphthonii
582 833 630 874 eas
645 821 751 893 partes,
776 811 804 873 13
821 831 893 893 ques
909 812 1058 892 Epitomes
1073 821 1225 893 praecepta
1242 813 1390 874 brevitatis
1405 813 1567 894 perspicui-

399 919 467 978 tatis
479 916 677 978 credibilitatis
693 919 753 976 lere
768 925 873 977 cuncta
890 914 1080 995 transscripta
1093 923 1170 988 sunt,
1187 915 1295 976 codicis
1307 917 1399 976 instar
1411 917 1567 978 habuimus

399 1039 558 1100 earumque
573 1020 665 1081 varias
681 1020 819 1081 lectiones
836 1019 1133 1080 commemoravimus
1149 1018 1277 1100 exceptis
1293 1019 1343 1090 eis,
1359 1040 1431 1099 quas
1446 1020 1567 1082 consilio

399 1123 532 1200 genuinis
544 1123 694 1203 Epitomes
709 1122 806 1184 verbis
822 1121 996 1183 substitutas
1012 1143 1077 1184 esse
1092 1123 1368 1184 demonstravimus.
1400 1125 1452 1185 hac
1467 1123 1567 1184 lectio·

399 1245 470 1286 num
487 1228 625 1288 varietate
645 1226 821 1306 perlustrata
837 1225 1022 1304 intellegitur,
1046 1247 1120 1307 quae
1135 1228 1209 1288 ratio
1225 1227 1255 1288 in
1271 1226 1458 1288 recensendis
1473 1227 1569 1287 verbis

400 1329 506 1390 codicis
520 1329 715 1390 Padhibenda
731 1329 778 1390 sit.
802 1329 972 1390 adferantur
984 1349 1008 1389 e.
1023 1347 1048 1407 g.
1061 1327 1147 1388 verba
1164 1327 1230 1388 εἰσι
1246 1337 1276 1388 31
1291 1324 1447 1388 δύνανται
1460 1325 1482 1386 Ε
1496 1327 1534 1386 14
1544 1357 1570 1394 20

399 1433 429 1492 in
445 1432 468 1492 P
485 1432 668 1512 traditapro
684 1433 792 1511 quibus
807 1433 884 1512 apud
900 1433 940 1492 Α]
955 1430 1025 1493 ἔστι
1041 1442 1070 1494 31
1086 1426 1224 1494 δύναται
1240 1431 1355 1509 legitur.
1399 1431 1465 1492 inde
1481 1429 1570 1490 colle-

400 1534 505 1614 gimus,
530 1534 698 1614 ubicunqne
720 1535 750 1595 13
767 1535 789 1595 P
805 1554 873 1596 cum
896 1536 1000 1616 plurali
1023 1535 1154 1596 nominis
1170 1534 1285 1613 generis
1301 1535 1435 1596 neutrius
1450 1533 1570 1615 pluralis

400 1638 480 1699 verbi
496 1638 691 1717 coniungitur,
712 1639 791 1700 bunc
806 1640 1009 1719 corrigendum
1027 1658 1125 1719 neque
1140 1641 1364 1720 epitomatorem
1381 1637 1419 1698 ita
1435 1655 1571 1716 peccasse

399 1742 562 1824 putandum
581 1761 653 1802 esse.
685 1751 785 1804 contra
802 1743 860 1803 duo
875 1742 1080 1804 Demosthenis
1096 1743 1151 1803 loci
1168 1742 1190 1802 E
1205 1742 1243 1803 16
1258 1773 1280 1814 0,
1299 1741 1379 1812 181„
1394 1741 1445 1820 qoi
1459 1747 1488 1801 et
1502 1739 1532 1800 13
1549 1741 1572 1800 P

401 1857 430 1907 et
445 1845 522 1926 apud
534 1845 575 1906 Α]
580 1845 785 1920 inveniuntur,
802 1845 920 1908 hicnon
935 1847 1033 1908 minus
1045 1847 1187 1908 decurtati
1200 1845 1388 1926 corruptique
1401 1854 1471 1906 sunt
1482 1861 1571 1924 quam

399 1949 465 2011 illic.
498 1951 595 2030 itaque
617 1969 684 2012 cum
701 1951 855 2032 Epitomen
872 1952 959 2012 verba
982 1971 1017 2012 ex
1033 1949 1249 2031 antiquioribus
1265 1947 1457 2029 scriptoribus
1473 1947 1571 2009 iudea

401 2055 568 2135 Thucydide
592 2074 685 2134 usque
707 2057 743 2116 ad
759 2055 929 2136 Dionysium
953 2055 1045 2116 adlata
1061 2055 1143 2116 nullo
1159 2063 1292 2134 tempore
1306 2051 1502 2113 emendatiora
1520 2071 1571 2112 ex-

400 2157 531 2218 hibuisse
554 2157 639 2218 nobis
656 2177 829 2237 persuasum
847 2132 894 2232 sti,
917 2177 1004 2238 quam
1022 2157 1108 2218 hodie
1123 2157 1153 2217 in
1170 2155 1192 2216 P
1209 2165 1318 2226 extant,
1341 2174 1401 2216 non
1417 2155 1572 2216 emendare

402 2260 579 2332 studuimus,
593 2280 666 2339 quae
679 2262 765 2322 etiam
778 2262 808 2322 in
821 2263 953 2342 ipsorum
967 2270 1119 2323 anctorum
1133 2259 1215 2320 libris
1227 2258 1434 2340 manuscriptis
1446 2268 1570 2320 aetatem

402 2363 541 2436 tulerunt,
558 2364 608 2424 sed
626 2384 657 2425 ea
673 2373 798 2433 tantum,
816 2385 889 2445 quae
904 2365 972 2426 alibi
987 2383 1047 2426 non
1063 2364 1229 2425 traduntur.

486 2469 635 2552 Quantum
659 2471 788 2530 fructum
812 2489 827 2529 e
850 2469 987 2530 codiceP
1010 2470 1107 2530 denuo
1123 2486 1246 2528 excusso
1262 2464 1489 2546 perceperimus,
1512 2484 1571 2524 non

403 2590 560 2650 cognosces
583 2573 639 2634 nisi
662 2573 819 2634 editionem
843 2582 973 2634 nostram
998 2591 1065 2634 cum
1083 2572 1259 2650 Segueriaua
1278 2568 1447 2630 contuleris.
1477 2587 1571 2647 neque

403 2675 491 2750 enim,
515 2675 565 2736 nbi
587 2677 729 2756 quaedam
746 2677 831 2738 verba
853 2697 868 2738 3
886 2677 1025 2756 Seguerio
1041 2674 1245 2756 praetermissa
1262 2673 1427 2752 recepimus
1443 2682 1472 2732 et
1487 2673 1571 2734 131333

402 2780 465 2840 3133
492 2779 632 2842 lectiones
654 2779 844 2851 correximus,
872 2781 960 2842 huius
983 2781 1025 2841 rei
1048 2780 1228 2840 mentionem
1253 2777 1387 2838 lecimus.
1433 2775 1571 2838 omnibus

402 2893 499 2945 autem
523 2885 604 2957 locis,
627 2886 735 2966 quibus
753 2886 909 2964 Seguerius
928 2897 962 2946 ut
977 2884 1103 2964 genuina
1118 2883 1268 2963 Epitomes
1284 2882 1371 2944 verba
1387 2882 1517 2943 restituit
1532 2879 1570 2940 ita

402 2987 488 3048 verba
505 2989 533 3048 in
551 2989 648 3051 codice
664 2999 800 3070 corrupta
817 3009 955 3051 essenon
972 2988 1053 3060 dixit,
1070 3006 1184 3048 errores
1200 2985 1308 3047 codicis
1320 3005 1335 3046 a
1349 2984 1488 3064 Seguerio
1500 2983 1571 3044 snb-

402 3095 475 3156 latos
492 3115 556 3156 esse
571 3095 774 3156 adnotavimus
790 3095 836 3174 (ut
852 3095 874 3154 E
891 3095 968 3164 1412,
985 3093 1023 3152 21
1040 3100 1075 3170 4).
1106 3090 1254 3152 nonnullis
1270 3091 1349 3162 13313,
1365 3089 1472 3168 quibus
1485 3087 1571 3150 dubi-

404 3198 457 3258 tari
480 3206 586 3278 potest,
609 3217 645 3258 33
663 3195 819 3276 Seguerius
835 3195 974 3257 lectiones
991 3196 1108 3267 codicis,
1132 3213 1207 3274 qnae
1223 3193 1309 3255 nobis
1325 3201 1449 3254 serente
1465 3192 1571 3252 habere

403 3301 548 3375 videntur,
566 3301 687 3362 consilio
701 3301 805 3362 tacitus
817 3300 983 3373 mutaverit,
1000 3299 1130 3379 Seguerii
1143 3297 1281 3360 lectiones
1293 3297 1377 3376 quasi
1389 3296 1571 3357 coniecturas

403 3405 562 3468 adtulimus
575 3409 620 3482 (ut
633 3405 655 3464 Ε
668 3405 727 3479 92⁷,
741 3405 780 3466 37
789 3407 824 3483 6).
848 3424 915 3466 3331
929 3403 1174 3475 coniecturarum,
1187 3421 1261 3480 quae
1273 3400 1357 3461 nobis
1370 3399 1571 3469 innotuerunt,

404 3506 477 3566 ullas
500 3509 636 3569 omittere
651 3509 736 3569 veriti
759 3509 890 3581 sumus¹,
915 3528 982 3569 cum
1006 3508 1033 3567 id
1051 3515 1260 3586 spectaremus,
1284 3514 1316 3565 ut
1332 3503 1458 3564 editione
1473 3510 1571 3562 nostra

404 3611 565 3671 necessaria
596 3611 728 3691 supellex
756 3611 854 3673 critica
882 3612 924 3673 eis
947 3611 1194 3692 suppeditaretur,
1223 3628 1298 3687 quos
1321 3627 1425 3686 magno
1448 3624 1571 3666 numero

404 3713 534 3774 locorum
566 3715 698 3776 noudum
726 3725 895 3778 sanatorum
920 3715 1146 3776 emendatricem
1172 3731 1290 3774 manum
1314 3711 1485 3772 admoturos
1508 3727 1571 3769 esse

406 3834 558 3895 speramus
582 3817 692 3879 maiore
714 3837 801 3897 qnam
826 3838 880 3880 nos
901 3818 1029 3899 ingenio.

474 4043 575 4096 ¹Soles
600 4061 643 4096 333
669 4047 842 4109 33313313333,
868 4062 929 4112 quos
953 4055 1037 4098 333133
1061 4062 1117 4096 3333
1141 4044 1227 4095 codiee
1247 4043 1264 4092 P
1288 4050 1333 4092 aut
1355 4042 1483 4106 excerptis
1506 4055 1572 4089 conr-

406 4111 538 4177 probatum
557 4121 603 4173 est,
623 4122 648 4164 et
666 4131 718 4179 333,
739 4131 801 4180 quae
818 4117 849 4165 ad
862 4117 938 4166 verba
953 4131 981 4166 ex
994 4115 1182 4180 antiquioribus
1196 4112 1341 4162 auctoribus
1353 4111 1436 4160 adlata
1450 4114 1572 4174 spectant,

407 4181 558 4231 omittendas
585 4184 734 4235 censuimus.
771 4200 803 4233 ex
825 4185 919 4234 ceteris
943 4185 1003 4234 duas
1026 4188 1081 4234 suis
1105 4183 1169 4232 locis
1193 4195 1387 4230 commemorare
1407 4178 1571 4240 negleximus.

407 4247 539 4380 hpffiseruq
556 4251 622 4330 apim
642 4251 707 4368 IltiS
722 4269 735 4306 4
753 4242 861 4320 ἀλόγοις
878 4255 905 4302 13
923 4248 1081 4322 ἀλλοτρίοις,
1102 4252 1160 4302 212
1178 4250 1295 4320 τριηρίτη
1314 4249 1338 4297 13
1357 4249 1473 4316 πυαρίτη
1485 4245 1571 4309 (Vesp.

412 4331 419 4365 t
487 4335 525 4367 nro
541 4335 579 4368 arr
599 4336 680 4370 russi.
1581 4360 1584 4366 ,

884 4462 1096 4472 —-·-·-——·-—--
