<?xml version="1.0" encoding="UTF-8"?>
<!DOCTYPE html PUBLIC "-//W3C//DTD XHTML 1.0 Transitional//EN"
    "http://www.w3.org/TR/xhtml1/DTD/xhtml1-transitional.dtd">
<html xmlns="http://www.w3.org/1999/xhtml" xml:lang="en" lang="en">
 <head>
  <title>
</title>
<meta http-equiv="Content-Type" content="text/html;charset=utf-8" />
  <meta name='ocr-system' content='tesseract 3.04.00' />
  <meta name='ocr-capabilities' content='ocr_page ocr_carea ocr_par ocr_line ocrx_word'/>
</head>
<body>
  <div class='ocr_page' id='page_1' title='image "./cornutiartisrhe00corngoog_0018.png"; bbox 0 0 3536 5208; ppageno 0'>
   <div class='ocr_carea' id='block_1_1' title="bbox 722 421 956 486">
    <p class='ocr_par' dir='ltr' id='par_1_1' title="bbox 722 421 956 486">
     <span class='ocr_line' id='line_1_1' title="bbox 722 421 956 486; baseline -0.009 0"><span class='ocrx_word' id='word_1_1' title='bbox 722 421 956 486; x_wconf 88' lang='lat' dir='ltr'>—VII—</span> 
     </span>
    </p>
   </div>
   <div class='ocr_carea' id='block_1_2' title="bbox 188 588 1436 2952">
    <p class='ocr_par' dir='ltr' id='par_1_2' title="bbox 263 588 1432 1198">
     <span class='ocr_line' id='line_1_2' title="bbox 263 588 1431 684; baseline -0.005 -22"><span class='ocrx_word' id='word_1_2' title='bbox 263 599 388 684; x_wconf 84' lang='grc' dir='ltr'><strong><em>μακρὸν</em></strong></span> <span class='ocrx_word' id='word_1_3' title='bbox 417 599 472 661; x_wconf 77' lang='grc' dir='ltr'><strong>καὶ</strong></span> <span class='ocrx_word' id='word_1_4' title='bbox 499 594 635 681; x_wconf 81' lang='grc' dir='ltr'><strong><em>ὀχληρύν</em></strong></span> <span class='ocrx_word' id='word_1_5' title='bbox 657 597 756 674; x_wconf 74' lang='grc' dir='ltr'><strong><em>ἐστιν,</em></strong></span> <span class='ocrx_word' id='word_1_6' title='bbox 788 598 818 660; x_wconf 77' lang='grc' dir='ltr'><strong>εἰ</strong></span> <span class='ocrx_word' id='word_1_7' title='bbox 872 597 928 660; x_wconf 85' lang='grc' dir='ltr'><strong>καὶ</strong></span> <span class='ocrx_word' id='word_1_8' title='bbox 957 595 1108 680; x_wconf 79' lang='grc' dir='ltr'><strong><em>ὀχληρύν,</em></strong></span> <span class='ocrx_word' id='word_1_9' title='bbox 1138 597 1169 658; x_wconf 84' lang='lat' dir='ltr'><strong>el</strong></span> <span class='ocrx_word' id='word_1_10' title='bbox 1199 594 1243 678; x_wconf 81' lang='grc' dir='ltr'><strong>μὴ</strong></span> <span class='ocrx_word' id='word_1_11' title='bbox 1271 588 1337 677; x_wconf 74' lang='grc' dir='ltr'><strong>ἄρα</strong></span> <span class='ocrx_word' id='word_1_12' title='bbox 1358 604 1431 668; x_wconf 78' lang='grc' dir='ltr'><strong><em>ταῖς</em></strong></span> 
     </span>
     <span class='ocr_line' id='line_1_3' title="bbox 263 693 1431 789; baseline -0.005 -23"><span class='ocrx_word' id='word_1_13' title='bbox 263 703 307 789; x_wconf 80' lang='grc' dir='ltr'><strong>μη</strong></span> <span class='ocrx_word' id='word_1_14' title='bbox 339 701 403 786; x_wconf 84' lang='grc' dir='ltr'><strong>ἄρα</strong></span> <span class='ocrx_word' id='word_1_15' title='bbox 435 711 508 776; x_wconf 79' lang='grc' dir='ltr'><strong><em>ταῖς</em></strong></span> <span class='ocrx_word' id='word_1_16' title='bbox 538 693 707 785; x_wconf 73' lang='grc' dir='ltr'><strong><em>ἐργασίαις</em></strong></span> <span class='ocrx_word' id='word_1_17' title='bbox 739 696 817 764; x_wconf 76' lang='grc' dir='ltr'><strong><em>αὐτὸ</em></strong></span> <span class='ocrx_word' id='word_1_18' title='bbox 873 699 1043 783; x_wconf 80' lang='grc' dir='ltr'><strong><em>ἐργασίαις</em></strong></span> <span class='ocrx_word' id='word_1_19' title='bbox 1066 696 1145 763; x_wconf 80' lang='grc' dir='ltr'><strong><em>αὐτὸ</em></strong></span> <span class='ocrx_word' id='word_1_20' title='bbox 1170 695 1431 780; x_wconf 74' lang='grc' dir='ltr'><strong><em>διαχειρισάμε-</em></strong></span> 
     </span>
     <span class='ocr_line' id='line_1_4' title="bbox 263 798 1432 891; baseline -0.005 -21"><span class='ocrx_word' id='word_1_21' title='bbox 263 800 586 891; x_wconf 77' lang='grc' dir='ltr'><strong><em>μεταχειρισάμεθα</em></strong></span> <span class='ocrx_word' id='word_1_22' title='bbox 607 802 662 866; x_wconf 77' lang='grc' dir='ltr'><strong>καὶ</strong></span> <span class='ocrx_word' id='word_1_23' title='bbox 683 802 741 867; x_wconf 89' lang='grc' dir='ltr'><strong>νύν</strong></span> <span class='ocrx_word' id='word_1_24' title='bbox 760 802 820 884; x_wconf 77' lang='grc' dir='ltr'><strong>μὲν</strong></span> <span class='ocrx_word' id='word_1_25' title='bbox 873 808 924 867; x_wconf 73' lang='grc' dir='ltr'><strong>θα</strong></span> <span class='ocrx_word' id='word_1_26' title='bbox 935 802 990 866; x_wconf 80' lang='grc' dir='ltr'><strong>καὶ</strong></span> <span class='ocrx_word' id='word_1_27' title='bbox 1005 803 1063 867; x_wconf 88' lang='grc' dir='ltr'><strong>νύν</strong></span> <span class='ocrx_word' id='word_1_28' title='bbox 1072 802 1132 886; x_wconf 75' lang='grc' dir='ltr'><strong>μὲν</strong></span> <span class='ocrx_word' id='word_1_29' title='bbox 1145 798 1432 880; x_wconf 76' lang='grc' dir='ltr'><strong><em>ύςγιγνιύσκον-</em></strong></span> 
     </span>
     <span class='ocr_line' id='line_1_5' title="bbox 264 900 1432 988; baseline -0.006 -14"><span class='ocrx_word' id='word_1_30' title='bbox 264 907 306 984; x_wconf 80' lang='grc' dir='ltr'><strong>ὡς</strong></span> <span class='ocrx_word' id='word_1_31' title='bbox 339 905 695 979; x_wconf 67' lang='grc' dir='ltr'><strong>ἐπιδεικνύοντες1</strong></span> <span class='ocrx_word' id='word_1_32' title='bbox 727 904 820 984; x_wconf 84' lang='grc' dir='ltr'><strong><em>λέγο-</em></strong></span> <span class='ocrx_word' id='word_1_33' title='bbox 873 900 1432 988; x_wconf 76' lang='grc' dir='ltr'><strong><em>τεςλέγομεν,αύθιςδὲώςσνγ-</em></strong></span> 
     </span>
     <span class='ocr_line' id='line_1_6' title="bbox 263 1000 1432 1096; baseline -0.005 -20"><span class='ocrx_word' id='word_1_34' title='bbox 263 1035 334 1096; x_wconf 73' lang='grc' dir='ltr'><strong><em>μεν,</em></strong></span> <span class='ocrx_word' id='word_1_35' title='bbox 357 1009 466 1076; x_wconf 70' lang='lat' dir='ltr'><strong>verul</strong></span> <span class='ocrx_word' id='word_1_36' title='bbox 481 1005 523 1082; x_wconf 72' lang='grc' dir='ltr'><strong>ὥς</strong></span> <span class='ocrx_word' id='word_1_37' title='bbox 540 1005 821 1092; x_wconf 81' lang='grc' dir='ltr'><strong><em>ἆναιιεφαλαιού-</em></strong></span> <span class='ocrx_word' id='word_1_38' title='bbox 875 1007 1175 1094; x_wconf 74' lang='grc' dir='ltr'><strong><em>κεφαλαιούμενοι,</em></strong></span> <span class='ocrx_word' id='word_1_39' title='bbox 1220 1000 1360 1090; x_wconf 72' lang='grc' dir='ltr'><strong><em>ἑτέρωθι</em></strong></span> <span class='ocrx_word' id='word_1_40' title='bbox 1395 1005 1432 1070; x_wconf 80' lang='grc' dir='ltr'><strong>δὲ</strong></span> 
     </span>
     <span class='ocr_line' id='line_1_7' title="bbox 264 1108 1255 1198; baseline -0.007 -19"><span class='ocrx_word' id='word_1_41' title='bbox 264 1135 358 1198; x_wconf 78' lang='grc' dir='ltr'><strong><em>μενοι</em></strong></span> <span class='ocrx_word' id='word_1_42' title='bbox 379 1111 399 1196; x_wconf 82' lang='grc' dir='ltr'><em>ἢ</em></span> <span class='ocrx_word' id='word_1_43' title='bbox 422 1108 761 1194; x_wconf 76' lang='grc' dir='ltr'><strong><em>ἐπαναλαμβάνοντες.</em></strong></span> <span class='ocrx_word' id='word_1_44' title='bbox 878 1109 920 1188; x_wconf 79' lang='grc' dir='ltr'><strong>ὦς</strong></span> <span class='ocrx_word' id='word_1_45' title='bbox 943 1110 1255 1196; x_wconf 77' lang='grc' dir='ltr'><strong><em>ἀναμιμνήσκοντες.</em></strong></span> 
     </span>
    </p>

    <p class='ocr_par' dir='ltr' id='par_1_3' title="bbox 188 1216 1436 2952">
     <span class='ocr_line' id='line_1_8' title="bbox 264 1216 1434 1299; baseline -0.004 -18"><span class='ocrx_word' id='word_1_46' title='bbox 264 1240 298 1282; x_wconf 93' lang='lat' dir='ltr'><strong>eo</strong></span> <span class='ocrx_word' id='word_1_47' title='bbox 321 1218 398 1299; x_wconf 92' lang='lat' dir='ltr'><strong>quod</strong></span> <span class='ocrx_word' id='word_1_48' title='bbox 421 1217 501 1278; x_wconf 86' lang='lat' dir='ltr'><strong>Theo</strong></span> <span class='ocrx_word' id='word_1_49' title='bbox 524 1217 568 1277; x_wconf 89' lang='lat' dir='ltr'><strong>bis</strong></span> <span class='ocrx_word' id='word_1_50' title='bbox 591 1217 690 1278; x_wconf 91' lang='lat' dir='ltr'><strong>eadem</strong></span> <span class='ocrx_word' id='word_1_51' title='bbox 715 1218 771 1279; x_wconf 91' lang='lat' dir='ltr'><strong>dici</strong></span> <span class='ocrx_word' id='word_1_52' title='bbox 791 1218 892 1291; x_wconf 88' lang='lat' dir='ltr'><strong>vetuit,</strong></span> <span class='ocrx_word' id='word_1_53' title='bbox 916 1219 962 1280; x_wconf 73' lang='grc' dir='ltr'><strong>ΤΒ</strong></span> <span class='ocrx_word' id='word_1_54' title='bbox 985 1226 1151 1280; x_wconf 90' lang='lat' dir='ltr'><strong>commotus</strong></span> <span class='ocrx_word' id='word_1_55' title='bbox 1174 1235 1238 1277; x_wconf 89' lang='lat' dir='ltr'><strong>esse</strong></span> <span class='ocrx_word' id='word_1_56' title='bbox 1253 1216 1378 1289; x_wconf 86' lang='lat' dir='ltr'><strong>ridetur,</strong></span> <span class='ocrx_word' id='word_1_57' title='bbox 1402 1223 1434 1276; x_wconf 92' lang='lat' dir='ltr'><strong>ut</strong></span> 
     </span>
     <span class='ocr_line' id='line_1_9' title="bbox 265 1313 1433 1402; baseline -0.006 -17"><span class='ocrx_word' id='word_1_58' title='bbox 265 1323 318 1385; x_wconf 91' lang='lat' dir='ltr'><strong>tria</strong></span> <span class='ocrx_word' id='word_1_59' title='bbox 342 1321 473 1383; x_wconf 90' lang='lat' dir='ltr'><strong>membra</strong></span> <span class='ocrx_word' id='word_1_60' title='bbox 496 1319 649 1393; x_wconf 85' lang='lat' dir='ltr'><strong>enuntiati,</strong></span> <span class='ocrx_word' id='word_1_61' title='bbox 677 1339 750 1400; x_wconf 89' lang='lat' dir='ltr'><strong>quae</strong></span> <span class='ocrx_word' id='word_1_62' title='bbox 773 1321 803 1381; x_wconf 91' lang='lat' dir='ltr'><strong>in</strong></span> <span class='ocrx_word' id='word_1_63' title='bbox 826 1320 849 1380; x_wconf 85' lang='lat' dir='ltr'>E</span> <span class='ocrx_word' id='word_1_64' title='bbox 871 1321 967 1382; x_wconf 83' lang='lat' dir='ltr'><strong>verbis</strong></span> <span class='ocrx_word' id='word_1_65' title='bbox 989 1320 1047 1384; x_wconf 84' lang='grc' dir='ltr'><strong>νύν</strong></span> <span class='ocrx_word' id='word_1_66' title='bbox 1069 1319 1139 1402; x_wconf 69' lang='grc' dir='ltr'><strong><em>μὲν,</em></strong></span> <span class='ocrx_word' id='word_1_67' title='bbox 1169 1313 1271 1390; x_wconf 73' lang='grc' dir='ltr'><strong><em>αὖθις</em></strong></span> <span class='ocrx_word' id='word_1_68' title='bbox 1294 1316 1340 1392; x_wconf 77' lang='grc' dir='ltr'><strong>δὲ,</strong></span> <span class='ocrx_word' id='word_1_69' title='bbox 1365 1314 1433 1378; x_wconf 83' lang='grc' dir='ltr'><strong><em>ἑτέ-</em></strong></span> 
     </span>
     <span class='ocr_line' id='line_1_10' title="bbox 265 1417 1434 1508; baseline -0.007 -20"><span class='ocrx_word' id='word_1_70' title='bbox 265 1427 353 1508; x_wconf 77' lang='grc' dir='ltr'><strong><em>ρωθι</em></strong></span> <span class='ocrx_word' id='word_1_71' title='bbox 379 1422 416 1486; x_wconf 83' lang='grc' dir='ltr'><strong>δὲ</strong></span> <span class='ocrx_word' id='word_1_72' title='bbox 442 1423 627 1497; x_wconf 80' lang='lat' dir='ltr'>inchoantur,</span> <span class='ocrx_word' id='word_1_73' title='bbox 656 1423 686 1483; x_wconf 93' lang='lat' dir='ltr'><strong>in</strong></span> <span class='ocrx_word' id='word_1_74' title='bbox 713 1423 772 1484; x_wconf 94' lang='lat' dir='ltr'><strong>duo</strong></span> <span class='ocrx_word' id='word_1_75' title='bbox 800 1425 987 1486; x_wconf 89' lang='lat' dir='ltr'><strong>contraheret</strong></span> <span class='ocrx_word' id='word_1_76' title='bbox 1012 1433 1040 1485; x_wconf 89' lang='lat' dir='ltr'><strong>et</strong></span> <span class='ocrx_word' id='word_1_77' title='bbox 1062 1443 1116 1503; x_wconf 94' lang='lat' dir='ltr'><strong>pro</strong></span> <span class='ocrx_word' id='word_1_78' title='bbox 1139 1422 1243 1484; x_wconf 89' lang='lat' dir='ltr'><strong>ultimo</strong></span> <span class='ocrx_word' id='word_1_79' title='bbox 1265 1417 1284 1502; x_wconf 82' lang='grc' dir='ltr'><em>ἢ</em></span> <span class='ocrx_word' id='word_1_80' title='bbox 1307 1417 1434 1482; x_wconf 76' lang='grc' dir='ltr'><strong><em>ἐπανα-</em></strong></span> 
     </span>
     <span class='ocr_line' id='line_1_11' title="bbox 263 1521 1434 1610; baseline -0.006 -20"><span class='ocrx_word' id='word_1_81' title='bbox 263 1523 485 1610; x_wconf 75' lang='grc' dir='ltr'><strong><em>λαμβάνοντες</em></strong></span> <span class='ocrx_word' id='word_1_82' title='bbox 521 1535 607 1606; x_wconf 92' lang='lat' dir='ltr'><strong>atque</strong></span> <span class='ocrx_word' id='word_1_83' title='bbox 639 1545 693 1606; x_wconf 93' lang='lat' dir='ltr'><strong>pro</strong></span> <span class='ocrx_word' id='word_1_84' title='bbox 726 1527 876 1606; x_wconf 82' lang='lat' dir='ltr'>particulis</span> <span class='ocrx_word' id='word_1_85' title='bbox 912 1521 1015 1600; x_wconf 73' lang='grc' dir='ltr'><strong><em>αὖθις</em></strong></span> <span class='ocrx_word' id='word_1_86' title='bbox 1048 1524 1085 1588; x_wconf 80' lang='grc' dir='ltr'><strong>δὲ</strong></span> <span class='ocrx_word' id='word_1_87' title='bbox 1115 1525 1273 1606; x_wconf 87' lang='lat' dir='ltr'><strong>particulas</strong></span> <span class='ocrx_word' id='word_1_88' title='bbox 1306 1523 1364 1586; x_wconf 85' lang='grc' dir='ltr'><strong>νύν</strong></span> <span class='ocrx_word' id='word_1_89' title='bbox 1397 1521 1434 1586; x_wconf 81' lang='grc' dir='ltr'><strong>δὲ</strong></span> 
     </span>
     <span class='ocr_line' id='line_1_12' title="bbox 265 1627 1435 1710; baseline -0.005 -18"><span class='ocrx_word' id='word_1_90' title='bbox 265 1631 416 1692; x_wconf 76' lang='lat' dir='ltr'><strong>scriberet.</strong></span> <span class='ocrx_word' id='word_1_91' title='bbox 459 1639 608 1710; x_wconf 88' lang='lat' dir='ltr'><strong>practerea</strong></span> <span class='ocrx_word' id='word_1_92' title='bbox 633 1627 749 1691; x_wconf 87' lang='lat' dir='ltr'><strong>initium</strong></span> <span class='ocrx_word' id='word_1_93' title='bbox 778 1629 923 1692; x_wconf 91' lang='lat' dir='ltr'><strong>enuntiati</strong></span> <span class='ocrx_word' id='word_1_94' title='bbox 949 1649 965 1690; x_wconf 89' lang='lat' dir='ltr'><strong>a</strong></span> <span class='ocrx_word' id='word_1_95' title='bbox 991 1629 1037 1690; x_wconf 87' lang='lat' dir='ltr'><strong>TS</strong></span> <span class='ocrx_word' id='word_1_96' title='bbox 1064 1629 1168 1690; x_wconf 91' lang='lat' dir='ltr'><strong>leniter</strong></span> <span class='ocrx_word' id='word_1_97' title='bbox 1198 1636 1343 1690; x_wconf 90' lang='lat' dir='ltr'><strong>mutatum</strong></span> <span class='ocrx_word' id='word_1_98' title='bbox 1371 1645 1435 1687; x_wconf 83' lang='lat' dir='ltr'><strong>esse</strong></span> 
     </span>
     <span class='ocr_line' id='line_1_13' title="bbox 264 1728 1434 1816; baseline -0.005 -20"><span class='ocrx_word' id='word_1_99' title='bbox 264 1743 354 1816; x_wconf 88' lang='lat' dir='ltr'><strong>patet,</strong></span> <span class='ocrx_word' id='word_1_100' title='bbox 384 1753 450 1814; x_wconf 54' lang='lat' dir='ltr'><strong>quox</strong></span> <span class='ocrx_word' id='word_1_101' title='bbox 466 1733 595 1794; x_wconf 84' lang='lat' dir='ltr'><strong>Theonis</strong></span> <span class='ocrx_word' id='word_1_102' title='bbox 621 1733 717 1794; x_wconf 87' lang='lat' dir='ltr'><strong>verbis</strong></span> <span class='ocrx_word' id='word_1_103' title='bbox 745 1733 851 1794; x_wconf 88' lang='lat' dir='ltr'><strong>melius</strong></span> <span class='ocrx_word' id='word_1_104' title='bbox 878 1732 1147 1795; x_wconf 67' lang='lat' dir='ltr'><strong>accomodarent</strong></span> <span class='ocrx_word' id='word_1_105' title='bbox 1191 1730 1312 1810; x_wconf 85' lang='lat' dir='ltr'><strong>reliquis</strong></span> <span class='ocrx_word' id='word_1_106' title='bbox 1339 1728 1434 1790; x_wconf 88' lang='lat' dir='ltr'><strong>tribus</strong></span> 
     </span>
     <span class='ocr_line' id='line_1_14' title="bbox 188 1833 1434 1928; baseline -0.006 -28"><span class='ocrx_word' id='word_1_107' title='bbox 188 1905 199 1928; x_wconf 37' lang='grc' dir='ltr'><em>μ</em></span> <span class='ocrx_word' id='word_1_108' title='bbox 264 1838 351 1912; x_wconf 86' lang='lat' dir='ltr'><strong>locis,</strong></span> <span class='ocrx_word' id='word_1_109' title='bbox 384 1837 435 1898; x_wconf 93' lang='lat' dir='ltr'><strong>ubi</strong></span> <span class='ocrx_word' id='word_1_110' title='bbox 462 1837 508 1898; x_wconf 88' lang='lat' dir='ltr'><strong>&#39;lS</strong></span> <span class='ocrx_word' id='word_1_111' title='bbox 535 1855 602 1898; x_wconf 95' lang='lat' dir='ltr'><strong>cum</strong></span> <span class='ocrx_word' id='word_1_112' title='bbox 636 1837 659 1896; x_wconf 92' lang='lat' dir='ltr'><strong>P</strong></span> <span class='ocrx_word' id='word_1_113' title='bbox 694 1838 852 1917; x_wconf 88' lang='lat' dir='ltr'><strong>discrepat,</strong></span> <span class='ocrx_word' id='word_1_114' title='bbox 894 1837 976 1898; x_wconf 91' lang='lat' dir='ltr'><strong>illum</strong></span> <span class='ocrx_word' id='word_1_115' title='bbox 1013 1835 1168 1916; x_wconf 82' lang='lat' dir='ltr'><strong>genuinam</strong></span> <span class='ocrx_word' id='word_1_116' title='bbox 1199 1833 1354 1895; x_wconf 88' lang='lat' dir='ltr'><strong>lectionem</strong></span> <span class='ocrx_word' id='word_1_117' title='bbox 1382 1851 1434 1894; x_wconf 83' lang='lat' dir='ltr'><strong>ex-</strong></span> 
     </span>
     <span class='ocr_line' id='line_1_15' title="bbox 265 1929 1436 2022; baseline -0.003 -20"><span class='ocrx_word' id='word_1_118' title='bbox 265 1942 364 2002; x_wconf 90' lang='lat' dir='ltr'><strong>hibere</strong></span> <span class='ocrx_word' id='word_1_119' title='bbox 387 1949 501 2002; x_wconf 89' lang='lat' dir='ltr'><strong>certum</strong></span> <span class='ocrx_word' id='word_1_120' title='bbox 522 1950 575 2002; x_wconf 89' lang='lat' dir='ltr'><strong>est.</strong></span> <span class='ocrx_word' id='word_1_121' title='bbox 620 1959 688 2001; x_wconf 91' lang='lat' dir='ltr'><strong>nam</strong></span> <span class='ocrx_word' id='word_1_122' title='bbox 705 1941 790 2002; x_wconf 89' lang='lat' dir='ltr'><strong>verba</strong></span> <span class='ocrx_word' id='word_1_123' title='bbox 806 1935 1109 2022; x_wconf 75' lang='grc' dir='ltr'><strong><em>μεταχειρισάμεθα</em></strong></span> <span class='ocrx_word' id='word_1_124' title='bbox 1124 1946 1154 2000; x_wconf 88' lang='lat' dir='ltr'><strong>et</strong></span> <span class='ocrx_word' id='word_1_125' title='bbox 1169 1929 1436 2020; x_wconf 79' lang='grc' dir='ltr'><strong><em>ἀνακεφαλαιού-</em></strong></span> 
     </span>
     <span class='ocr_line' id='line_1_16' title="bbox 265 2037 1435 2126; baseline -0.004 -20"><span class='ocrx_word' id='word_1_126' title='bbox 265 2065 359 2126; x_wconf 83' lang='grc' dir='ltr'><strong><em>μενοι</em></strong></span> <span class='ocrx_word' id='word_1_127' title='bbox 390 2043 557 2104; x_wconf 84' lang='lat' dir='ltr'><strong>rhetoribus</strong></span> <span class='ocrx_word' id='word_1_128' title='bbox 585 2043 734 2105; x_wconf 90' lang='lat' dir='ltr'><strong>usitatiora</strong></span> <span class='ocrx_word' id='word_1_129' title='bbox 762 2054 832 2105; x_wconf 89' lang='lat' dir='ltr'><strong>sunt</strong></span> <span class='ocrx_word' id='word_1_130' title='bbox 857 2063 945 2124; x_wconf 91' lang='lat' dir='ltr'><strong>quam</strong></span> <span class='ocrx_word' id='word_1_131' title='bbox 971 2041 1132 2122; x_wconf 90' lang='lat' dir='ltr'><strong>composita</strong></span> <span class='ocrx_word' id='word_1_132' title='bbox 1155 2037 1435 2123; x_wconf 77' lang='grc' dir='ltr'><strong><em>ύιαχειρισύηιεθα</em></strong></span> 
     </span>
     <span class='ocr_line' id='line_1_17' title="bbox 265 2143 1433 2230; baseline -0.002 -22"><span class='ocrx_word' id='word_1_133' title='bbox 265 2157 295 2209; x_wconf 88' lang='lat' dir='ltr'><strong>et</strong></span> <span class='ocrx_word' id='word_1_134' title='bbox 317 2144 657 2230; x_wconf 77' lang='grc' dir='ltr'><strong><em>συγκεφαλαιούμενοι</em></strong></span> <span class='ocrx_word' id='word_1_135' title='bbox 680 2156 767 2227; x_wconf 90' lang='lat' dir='ltr'><strong>atque</strong></span> <span class='ocrx_word' id='word_1_136' title='bbox 788 2147 875 2208; x_wconf 90' lang='lat' dir='ltr'><strong>etiam</strong></span> <span class='ocrx_word' id='word_1_137' title='bbox 891 2147 967 2206; x_wconf 90' lang='lat' dir='ltr'><strong>hanc</strong></span> <span class='ocrx_word' id='word_1_138' title='bbox 982 2154 1138 2224; x_wconf 87' lang='lat' dir='ltr'><strong>utramque</strong></span> <span class='ocrx_word' id='word_1_139' title='bbox 1152 2143 1308 2206; x_wconf 90' lang='lat' dir='ltr'><strong>lectionem</strong></span> <span class='ocrx_word' id='word_1_140' title='bbox 1325 2145 1433 2206; x_wconf 89' lang='lat' dir='ltr'><strong>codicis</strong></span> 
     </span>
     <span class='ocr_line' id='line_1_18' title="bbox 265 2247 1434 2330; baseline -0.003 -18"><span class='ocrx_word' id='word_1_141' title='bbox 265 2251 288 2312; x_wconf 92' lang='lat' dir='ltr'>P</span> <span class='ocrx_word' id='word_1_142' title='bbox 311 2259 479 2330; x_wconf 82' lang='lat' dir='ltr'><strong>corruptam</strong></span> <span class='ocrx_word' id='word_1_143' title='bbox 502 2268 567 2310; x_wconf 88' lang='lat' dir='ltr'><strong>esse</strong></span> <span class='ocrx_word' id='word_1_144' title='bbox 589 2250 644 2311; x_wconf 92' lang='lat' dir='ltr'><strong>alio</strong></span> <span class='ocrx_word' id='word_1_145' title='bbox 666 2250 816 2330; x_wconf 87' lang='lat' dir='ltr'><strong>Epitomes</strong></span> <span class='ocrx_word' id='word_1_146' title='bbox 836 2259 973 2330; x_wconf 82' lang='lat' dir='ltr'><strong>excerpto</strong></span> <span class='ocrx_word' id='word_1_147' title='bbox 988 2247 1211 2310; x_wconf 79' lang='lat' dir='ltr'><strong>confirmatur³.</strong></span> <span class='ocrx_word' id='word_1_148' title='bbox 1255 2247 1325 2326; x_wconf 91' lang='lat' dir='ltr'><strong>quin</strong></span> <span class='ocrx_word' id='word_1_149' title='bbox 1342 2248 1434 2328; x_wconf 88' lang='lat' dir='ltr'><strong>parti-</strong></span> 
     </span>
     <span class='ocr_line' id='line_1_19' title="bbox 266 2350 1434 2434; baseline -0.003 -20"><span class='ocrx_word' id='word_1_150' title='bbox 266 2353 373 2434; x_wconf 89' lang='lat' dir='ltr'><strong>cipium</strong></span> <span class='ocrx_word' id='word_1_151' title='bbox 390 2350 624 2429; x_wconf 79' lang='grc' dir='ltr'><strong><em>γιγνώσκοντες</em></strong></span> <span class='ocrx_word' id='word_1_152' title='bbox 639 2354 735 2433; x_wconf 87' lang='lat' dir='ltr'><strong>ipsum</strong></span> <span class='ocrx_word' id='word_1_153' title='bbox 759 2372 875 2433; x_wconf 90' lang='lat' dir='ltr'><strong>quoque</strong></span> <span class='ocrx_word' id='word_1_154' title='bbox 895 2353 1002 2414; x_wconf 89' lang='lat' dir='ltr'><strong>falsum</strong></span> <span class='ocrx_word' id='word_1_155' title='bbox 1019 2351 1066 2425; x_wconf 87' lang='lat' dir='ltr'><strong>sit,</strong></span> <span class='ocrx_word' id='word_1_156' title='bbox 1091 2351 1217 2415; x_wconf 87' lang='lat' dir='ltr'><strong>dubitari</strong></span> <span class='ocrx_word' id='word_1_157' title='bbox 1232 2351 1343 2430; x_wconf 91' lang='lat' dir='ltr'><strong>nequit,</strong></span> <span class='ocrx_word' id='word_1_158' title='bbox 1366 2351 1434 2430; x_wconf 91' lang='lat' dir='ltr'><strong>quia</strong></span> 
     </span>
     <span class='ocr_line' id='line_1_20' title="bbox 266 2454 1433 2536; baseline -0.003 -18"><span class='ocrx_word' id='word_1_159' title='bbox 266 2457 354 2518; x_wconf 83' lang='lat' dir='ltr'><strong>verbo</strong></span> <span class='ocrx_word' id='word_1_160' title='bbox 369 2456 580 2536; x_wconf 79' lang='lat' dir='ltr'><strong>recapitulandi</strong></span> <span class='ocrx_word' id='word_1_161' title='bbox 596 2457 716 2517; x_wconf 89' lang='lat' dir='ltr'><strong>verbum</strong></span> <span class='ocrx_word' id='word_1_162' title='bbox 733 2457 842 2536; x_wconf 94' lang='lat' dir='ltr'><strong>opponi</strong></span> <span class='ocrx_word' id='word_1_163' title='bbox 857 2455 1048 2526; x_wconf 90' lang='lat' dir='ltr'><strong>desideratur,</strong></span> <span class='ocrx_word' id='word_1_164' title='bbox 1060 2455 1139 2534; x_wconf 88' lang='lat' dir='ltr'><strong>quod</strong></span> <span class='ocrx_word' id='word_1_165' title='bbox 1148 2454 1298 2515; x_wconf 87' lang='lat' dir='ltr'><strong>notionem</strong></span> <span class='ocrx_word' id='word_1_166' title='bbox 1311 2455 1433 2515; x_wconf 93' lang='lat' dir='ltr'><strong>demon-</strong></span> 
     </span>
     <span class='ocr_line' id='line_1_21' title="bbox 266 2554 1433 2640; baseline -0.002 -18"><span class='ocrx_word' id='word_1_167' title='bbox 266 2560 379 2623; x_wconf 86' lang='lat' dir='ltr'><strong>strandi</strong></span> <span class='ocrx_word' id='word_1_168' title='bbox 401 2559 514 2621; x_wconf 88' lang='lat' dir='ltr'><strong>babeat.</strong></span> <span class='ocrx_word' id='word_1_169' title='bbox 551 2560 735 2640; x_wconf 85' lang='lat' dir='ltr'><strong>participium</strong></span> <span class='ocrx_word' id='word_1_170' title='bbox 760 2554 1023 2630; x_wconf 76' lang='grc' dir='ltr'><strong><em>ἐπιδεικνύοντες</em></strong></span> <span class='ocrx_word' id='word_1_171' title='bbox 1045 2558 1135 2637; x_wconf 85' lang='lat' dir='ltr'><strong>igitur</strong></span> <span class='ocrx_word' id='word_1_172' title='bbox 1162 2558 1271 2638; x_wconf 89' lang='lat' dir='ltr'><strong>optime</strong></span> <span class='ocrx_word' id='word_1_173' title='bbox 1293 2560 1329 2620; x_wconf 93' lang='lat' dir='ltr'><strong>ad</strong></span> <span class='ocrx_word' id='word_1_174' title='bbox 1351 2559 1433 2620; x_wconf 93' lang='lat' dir='ltr'><strong>illum</strong></span> 
     </span>
     <span class='ocr_line' id='line_1_22' title="bbox 265 2661 1431 2743; baseline -0.003 -17"><span class='ocrx_word' id='word_1_175' title='bbox 265 2665 362 2726; x_wconf 91' lang='lat' dir='ltr'><strong>locum</strong></span> <span class='ocrx_word' id='word_1_176' title='bbox 379 2663 511 2743; x_wconf 86' lang='lat' dir='ltr'><strong>quadrat.</strong></span> <span class='ocrx_word' id='word_1_177' title='bbox 541 2662 598 2724; x_wconf 93' lang='lat' dir='ltr'><strong>iam</strong></span> <span class='ocrx_word' id='word_1_178' title='bbox 616 2683 630 2724; x_wconf 94' lang='lat' dir='ltr'><strong>a</strong></span> <span class='ocrx_word' id='word_1_179' title='bbox 647 2663 692 2724; x_wconf 86' lang='lat' dir='ltr'><strong>TS</strong></span> <span class='ocrx_word' id='word_1_180' title='bbox 708 2662 807 2724; x_wconf 92' lang='lat' dir='ltr'><strong>codice</strong></span> <span class='ocrx_word' id='word_1_181' title='bbox 822 2663 844 2722; x_wconf 90' lang='lat' dir='ltr'>P</span> <span class='ocrx_word' id='word_1_182' title='bbox 861 2661 954 2722; x_wconf 89' lang='lat' dir='ltr'><strong>multo</strong></span> <span class='ocrx_word' id='word_1_183' title='bbox 972 2661 1122 2723; x_wconf 88' lang='lat' dir='ltr'><strong>meliorem</strong></span> <span class='ocrx_word' id='word_1_184' title='bbox 1135 2661 1286 2743; x_wconf 83' lang='lat' dir='ltr'><strong>Epitomes</strong></span> <span class='ocrx_word' id='word_1_185' title='bbox 1303 2663 1431 2724; x_wconf 88' lang='lat' dir='ltr'><strong>codicem</strong></span> 
     </span>
     <span class='ocr_line' id='line_1_23' title="bbox 268 2764 1433 2848; baseline -0.005 -18"><span class='ocrx_word' id='word_1_186' title='bbox 268 2777 441 2848; x_wconf 92' lang='lat' dir='ltr'><strong>usurpatum</strong></span> <span class='ocrx_word' id='word_1_187' title='bbox 470 2785 533 2827; x_wconf 87' lang='lat' dir='ltr'><strong>esse</strong></span> <span class='ocrx_word' id='word_1_188' title='bbox 556 2766 744 2846; x_wconf 87' lang='lat' dir='ltr'><strong>perspicuum</strong></span> <span class='ocrx_word' id='word_1_189' title='bbox 767 2775 826 2839; x_wconf 78' lang='lat' dir='ltr'><strong>est3</strong></span> <span class='ocrx_word' id='word_1_190' title='bbox 859 2774 932 2844; x_wconf 88' lang='lat' dir='ltr'><strong>quot</strong></span> <span class='ocrx_word' id='word_1_191' title='bbox 954 2764 1174 2826; x_wconf 87' lang='lat' dir='ltr'><strong>emendationes</strong></span> <span class='ocrx_word' id='word_1_192' title='bbox 1197 2766 1347 2846; x_wconf 87' lang='lat' dir='ltr'><strong>Epitomes</strong></span> <span class='ocrx_word' id='word_1_193' title='bbox 1370 2765 1433 2826; x_wconf 89' lang='lat' dir='ltr'><strong>eius</strong></span> 
     </span>
     <span class='ocr_line' id='line_1_24' title="bbox 267 2867 1105 2952; baseline -0.005 -20"><span class='ocrx_word' id='word_1_194' title='bbox 267 2871 411 2952; x_wconf 85' lang='lat' dir='ltr'><strong>excerptis</strong></span> <span class='ocrx_word' id='word_1_195' title='bbox 428 2870 603 2943; x_wconf 81' lang='lat' dir='ltr'><strong>debeantur,</strong></span> <span class='ocrx_word' id='word_1_196' title='bbox 627 2869 796 2930; x_wconf 85' lang='lat' dir='ltr'><strong>recensione</strong></span> <span class='ocrx_word' id='word_1_197' title='bbox 822 2876 923 2929; x_wconf 87' lang='lat' dir='ltr'><strong>nostra</strong></span> <span class='ocrx_word' id='word_1_198' title='bbox 946 2867 1105 2928; x_wconf 78' lang='lat' dir='ltr'><strong>doceberis</strong></span> 
     </span>
    </p>
   </div>
   <div class='ocr_carea' id='block_1_3' title="bbox 541 3059 1159 3141">
    <p class='ocr_par' dir='ltr' id='par_1_4' title="bbox 541 3059 1159 3141">
     <span class='ocr_line' id='line_1_25' title="bbox 541 3059 1159 3141; baseline -0.005 -19"><span class='ocrx_word' id='word_1_199' title='bbox 541 3061 590 3121; x_wconf 94' lang='lat' dir='ltr'><strong>lll.</strong></span> <span class='ocrx_word' id='word_1_200' title='bbox 624 3061 819 3141; x_wconf 80' lang='lat' dir='ltr'><strong>Aphthouii</strong></span> <span class='ocrx_word' id='word_1_201' title='bbox 841 3061 1062 3139; x_wconf 89' lang='lat' dir='ltr'><strong>Interpretes</strong></span> <span class='ocrx_word' id='word_1_202' title='bbox 1086 3059 1159 3135; x_wconf 82' lang='lat' dir='ltr'><strong>(Al).</strong></span> 
     </span>
    </p>
   </div>
   <div class='ocr_carea' id='block_1_4' title="bbox 266 3173 1434 3776">
    <p class='ocr_par' dir='ltr' id='par_1_5' title="bbox 266 3173 1434 3776">
     <span class='ocr_line' id='line_1_26' title="bbox 352 3173 1433 3257; baseline -0.007 -16"><span class='ocrx_word' id='word_1_203' title='bbox 352 3181 384 3241; x_wconf 93' lang='lat' dir='ltr'><strong>ln</strong></span> <span class='ocrx_word' id='word_1_204' title='bbox 405 3178 522 3240; x_wconf 89' lang='lat' dir='ltr'><strong>Ioannis</strong></span> <span class='ocrx_word' id='word_1_205' title='bbox 543 3177 693 3240; x_wconf 86' lang='lat' dir='ltr'><strong>Siceliotae</strong></span> <span class='ocrx_word' id='word_1_206' title='bbox 709 3177 865 3257; x_wconf 86' lang='lat' dir='ltr'><strong>Douopatri</strong></span> <span class='ocrx_word' id='word_1_207' title='bbox 887 3176 917 3236; x_wconf 95' lang='lat' dir='ltr'><strong>in</strong></span> <span class='ocrx_word' id='word_1_208' title='bbox 939 3176 1139 3256; x_wconf 79' lang='lat' dir='ltr'><strong>Aphthonium</strong></span> <span class='ocrx_word' id='word_1_209' title='bbox 1161 3173 1295 3236; x_wconf 90' lang='lat' dir='ltr'><strong>llomiliis</strong></span> <span class='ocrx_word' id='word_1_210' title='bbox 1317 3173 1433 3254; x_wconf 86' lang='lat' dir='ltr'><strong>saepius</strong></span> 
     </span>
     <span class='ocr_line' id='line_1_27' title="bbox 267 3277 1433 3363; baseline -0.007 -18"><span class='ocrx_word' id='word_1_211' title='bbox 267 3279 299 3345; x_wconf 75' lang='lat' dir='ltr'><strong>ol</strong></span> <span class='ocrx_word' id='word_1_212' title='bbox 323 3281 463 3344; x_wconf 75' lang='grc' dir='ltr'><strong><em>παλαιοὶ</em></strong></span> <span class='ocrx_word' id='word_1_213' title='bbox 486 3281 531 3342; x_wconf 89' lang='lat' dir='ltr'><strong>vel</strong></span> <span class='ocrx_word' id='word_1_214' title='bbox 554 3277 587 3343; x_wconf 81' lang='grc' dir='ltr'><strong>οἳ</strong></span> <span class='ocrx_word' id='word_1_215' title='bbox 608 3277 825 3363; x_wconf 82' lang='grc' dir='ltr'><strong><em>παλαιότεροι</em></strong></span> <span class='ocrx_word' id='word_1_216' title='bbox 840 3278 906 3342; x_wconf 83' lang='grc' dir='ltr'><strong>τῶν</strong></span> <span class='ocrx_word' id='word_1_217' title='bbox 921 3277 1083 3363; x_wconf 80' lang='grc' dir='ltr'><strong><em>ἐξηγητῶν</em></strong></span> <span class='ocrx_word' id='word_1_218' title='bbox 1097 3278 1261 3353; x_wconf 93' lang='lat' dir='ltr'><strong>laudantur,</strong></span> <span class='ocrx_word' id='word_1_219' title='bbox 1284 3277 1335 3357; x_wconf 90' lang='lat' dir='ltr'><strong>qui</strong></span> <span class='ocrx_word' id='word_1_220' title='bbox 1349 3277 1433 3338; x_wconf 85' lang='lat' dir='ltr'><strong>nobis</strong></span> 
     </span>
     <span class='ocr_line' id='line_1_28' title="bbox 266 3381 1434 3464; baseline -0.004 -17"><span class='ocrx_word' id='word_1_221' title='bbox 266 3387 370 3448; x_wconf 89' lang='lat' dir='ltr'><strong>litteris</strong></span> <span class='ocrx_word' id='word_1_222' title='bbox 385 3385 426 3446; x_wconf 71' lang='grc' dir='ltr'><strong>Α]</strong></span> <span class='ocrx_word' id='word_1_223' title='bbox 448 3385 658 3464; x_wconf 83' lang='lat' dir='ltr'><strong>significentur.</strong></span> <span class='ocrx_word' id='word_1_224' title='bbox 702 3385 737 3446; x_wconf 89' lang='lat' dir='ltr'><strong>ad</strong></span> <span class='ocrx_word' id='word_1_225' title='bbox 760 3385 962 3464; x_wconf 90' lang='lat' dir='ltr'><strong>quaestionem</strong></span> <span class='ocrx_word' id='word_1_226' title='bbox 985 3391 1115 3444; x_wconf 91' lang='lat' dir='ltr'><strong>nostram</strong></span> <span class='ocrx_word' id='word_1_227' title='bbox 1132 3381 1280 3462; x_wconf 87' lang='lat' dir='ltr'><strong>pertinent</strong></span> <span class='ocrx_word' id='word_1_228' title='bbox 1295 3400 1337 3454; x_wconf 88' lang='lat' dir='ltr'><strong>ca,</strong></span> <span class='ocrx_word' id='word_1_229' title='bbox 1359 3400 1434 3460; x_wconf 90' lang='lat' dir='ltr'><strong>quae</strong></span> 
     </span>
     <span class='ocr_line' id='line_1_29' title="bbox 267 3484 1434 3568; baseline -0.006 -17"><span class='ocrx_word' id='word_1_230' title='bbox 267 3509 302 3552; x_wconf 83' lang='lat' dir='ltr'><strong>ex</strong></span> <span class='ocrx_word' id='word_1_231' title='bbox 323 3490 440 3550; x_wconf 94' lang='lat' dir='ltr'><strong>illorum</strong></span> <span class='ocrx_word' id='word_1_232' title='bbox 464 3487 582 3550; x_wconf 87' lang='lat' dir='ltr'><strong>scholiis</strong></span> <span class='ocrx_word' id='word_1_233' title='bbox 605 3489 635 3548; x_wconf 94' lang='lat' dir='ltr'><strong>in</strong></span> <span class='ocrx_word' id='word_1_234' title='bbox 650 3487 843 3550; x_wconf 90' lang='lat' dir='ltr'><strong>Homiliarum</strong></span> <span class='ocrx_word' id='word_1_235' title='bbox 866 3495 954 3568; x_wconf 90' lang='lat' dir='ltr'><strong>caput</strong></span> <span class='ocrx_word' id='word_1_236' title='bbox 975 3487 1001 3547; x_wconf 95' lang='lat' dir='ltr'><strong>ll</strong></span> <span class='ocrx_word' id='word_1_237' title='bbox 1019 3493 1134 3565; x_wconf 91' lang='lat' dir='ltr'><strong>recepta</strong></span> <span class='ocrx_word' id='word_1_238' title='bbox 1149 3493 1227 3546; x_wconf 89' lang='lat' dir='ltr'><strong>sunt.</strong></span> <span class='ocrx_word' id='word_1_239' title='bbox 1271 3484 1434 3564; x_wconf 84' lang='lat' dir='ltr'><strong>lloxopater</strong></span> 
     </span>
     <span class='ocr_line' id='line_1_30' title="bbox 266 3587 1434 3672; baseline -0.007 -18"><span class='ocrx_word' id='word_1_240' title='bbox 266 3593 344 3654; x_wconf 92' lang='lat' dir='ltr'><strong>enim</strong></span> <span class='ocrx_word' id='word_1_241' title='bbox 376 3601 410 3653; x_wconf 94' lang='lat' dir='ltr'><strong>ut</strong></span> <span class='ocrx_word' id='word_1_242' title='bbox 439 3592 547 3671; x_wconf 91' lang='lat' dir='ltr'><strong>quibus</strong></span> <span class='ocrx_word' id='word_1_243' title='bbox 575 3591 670 3654; x_wconf 90' lang='lat' dir='ltr'><strong>modis</strong></span> <span class='ocrx_word' id='word_1_244' title='bbox 697 3589 896 3672; x_wconf 73' lang='lat' dir='ltr'><strong>perspicuitas}</strong></span> <span class='ocrx_word' id='word_1_245' title='bbox 918 3589 1044 3651; x_wconf 88' lang='lat' dir='ltr'><strong>brevitas</strong></span> <span class='ocrx_word' id='word_1_246' title='bbox 1072 3588 1247 3649; x_wconf 88' lang='lat' dir='ltr'><strong>credibilitas</strong></span> <span class='ocrx_word' id='word_1_247' title='bbox 1269 3587 1434 3648; x_wconf 86' lang='lat' dir='ltr'><strong>efficiantur</strong></span> 
     </span>
     <span class='ocr_line' id='line_1_31' title="bbox 266 3690 1432 3776; baseline -0.003 -20"><span class='ocrx_word' id='word_1_248' title='bbox 266 3704 399 3776; x_wconf 86' lang='lat' dir='ltr'><strong>exponat,</strong></span> <span class='ocrx_word' id='word_1_249' title='bbox 430 3695 465 3756; x_wconf 93' lang='lat' dir='ltr'><strong>de</strong></span> <span class='ocrx_word' id='word_1_250' title='bbox 495 3693 617 3774; x_wconf 82' lang='lat' dir='ltr'><strong>singulis</strong></span> <span class='ocrx_word' id='word_1_251' title='bbox 640 3694 799 3756; x_wconf 84' lang='lat' dir='ltr'><strong>virtutibus</strong></span> <span class='ocrx_word' id='word_1_252' title='bbox 826 3693 1000 3754; x_wconf 88' lang='lat' dir='ltr'><strong>narrationis</strong></span> <span class='ocrx_word' id='word_1_253' title='bbox 1027 3692 1155 3772; x_wconf 92' lang='lat' dir='ltr'><strong>primum</strong></span> <span class='ocrx_word' id='word_1_254' title='bbox 1183 3711 1218 3752; x_wconf 84' lang='lat' dir='ltr'><strong>ax</strong></span> <span class='ocrx_word' id='word_1_255' title='bbox 1241 3690 1432 3769; x_wconf 76' lang='lat' dir='ltr'><strong>hermogenis</strong></span> 
     </span>
    </p>
   </div>
   <div class='ocr_carea' id='block_1_5' title="bbox 266 3951 1435 4508">
    <p class='ocr_par' dir='ltr' id='par_1_6' title="bbox 266 3951 1434 4097">
     <span class='ocr_line' id='line_1_32' title="bbox 335 3951 1434 4024; baseline -0.005 -10"><span class='ocrx_word' id='word_1_256' title='bbox 335 3963 344 3996; x_wconf 87' lang='lat'>¹</span> <span class='ocrx_word' id='word_1_257' title='bbox 362 3957 577 4020; x_wconf 71' lang='grc' dir='ltr'><strong><em>ἐπιδεικνύοντες</em></strong></span> <span class='ocrx_word' id='word_1_258' title='bbox 595 3978 625 4012; x_wconf 80' lang='lat' dir='ltr'><strong>ex</strong></span> <span class='ocrx_word' id='word_1_259' title='bbox 645 3963 756 4012; x_wconf 84' lang='lat' dir='ltr'><strong>editione</strong></span> <span class='ocrx_word' id='word_1_260' title='bbox 775 3960 910 4012; x_wconf 85' lang='lat' dir='ltr'><strong>Walziana</strong></span> <span class='ocrx_word' id='word_1_261' title='bbox 929 3959 1076 4024; x_wconf 89' lang='lat' dir='ltr'><strong>recepimus,</strong></span> <span class='ocrx_word' id='word_1_262' title='bbox 1104 3973 1160 4008; x_wconf 91' lang='lat' dir='ltr'><strong>cum</strong></span> <span class='ocrx_word' id='word_1_263' title='bbox 1178 3957 1339 4024; x_wconf 84' lang='lat' dir='ltr'><strong>participium</strong></span> <span class='ocrx_word' id='word_1_264' title='bbox 1363 3951 1434 4008; x_wconf 82' lang='lat' dir='ltr'><strong>oino-</strong></span> 
     </span>
     <span class='ocr_line' id='line_1_33' title="bbox 266 4023 1343 4097; baseline -0.007 -14"><span class='ocrx_word' id='word_1_265' title='bbox 266 4023 423 4093; x_wconf 77' lang='grc' dir='ltr'><strong><em>ύεικνύντες,</em></strong></span> <span class='ocrx_word' id='word_1_266' title='bbox 442 4032 504 4097; x_wconf 88' lang='lat' dir='ltr'><strong>quod</strong></span> <span class='ocrx_word' id='word_1_267' title='bbox 525 4033 604 4081; x_wconf 91' lang='lat' dir='ltr'><strong>editio</strong></span> <span class='ocrx_word' id='word_1_268' title='bbox 624 4029 778 4080; x_wconf 76' lang='lat' dir='ltr'><strong>Finclrhinna</strong></span> <span class='ocrx_word' id='word_1_269' title='bbox 795 4028 907 4088; x_wconf 88' lang='lat' dir='ltr'><strong>exhibet,</strong></span> <span class='ocrx_word' id='word_1_270' title='bbox 927 4029 1008 4076; x_wconf 90' lang='lat' dir='ltr'><strong>minus</strong></span> <span class='ocrx_word' id='word_1_271' title='bbox 1026 4032 1122 4076; x_wconf 88' lang='lat' dir='ltr'><strong>rectum</strong></span> <span class='ocrx_word' id='word_1_272' title='bbox 1140 4041 1196 4076; x_wconf 85' lang='lat' dir='ltr'><strong>osso</strong></span> <span class='ocrx_word' id='word_1_273' title='bbox 1215 4027 1343 4076; x_wconf 83' lang='lat' dir='ltr'><strong>videatur.</strong></span> 
     </span>
    </p>

    <p class='ocr_par' dir='ltr' id='par_1_7' title="bbox 266 4092 1435 4508">
     <span class='ocr_line' id='line_1_34' title="bbox 335 4092 1433 4158; baseline -0.004 -8"><span class='ocrx_word' id='word_1_274' title='bbox 335 4099 478 4150; x_wconf 85' lang='lat' dir='ltr'><strong>2Consilio</strong></span> <span class='ocrx_word' id='word_1_275' title='bbox 501 4117 515 4150; x_wconf 88' lang='lat' dir='ltr'><strong>a</strong></span> <span class='ocrx_word' id='word_1_276' title='bbox 536 4101 575 4151; x_wconf 87' lang='lat' dir='ltr'><strong>TS</strong></span> <span class='ocrx_word' id='word_1_277' title='bbox 601 4099 676 4148; x_wconf 80' lang='lat' dir='ltr'><strong>etiarn</strong></span> <span class='ocrx_word' id='word_1_278' title='bbox 699 4099 774 4148; x_wconf 86' lang='lat' dir='ltr'><strong>initia</strong></span> <span class='ocrx_word' id='word_1_279' title='bbox 797 4097 905 4147; x_wconf 88' lang='lat' dir='ltr'><strong>aliorum</strong></span> <span class='ocrx_word' id='word_1_280' title='bbox 928 4101 1104 4158; x_wconf 84' lang='lat' dir='ltr'><strong>excerptorum</strong></span> <span class='ocrx_word' id='word_1_281' title='bbox 1125 4093 1157 4143; x_wconf 92' lang='lat' dir='ltr'>W</span> <span class='ocrx_word' id='word_1_282' title='bbox 1176 4092 1187 4143; x_wconf 94' lang='lat' dir='ltr'>I</span> <span class='ocrx_word' id='word_1_283' title='bbox 1205 4095 1251 4146; x_wconf 87' lang='grc'><strong>261</strong></span> <span class='ocrx_word' id='word_1_284' title='bbox 1268 4109 1333 4154; x_wconf 62' lang='lat' dir='ltr'><strong>cac,</strong></span> <span class='ocrx_word' id='word_1_285' title='bbox 1358 4094 1433 4146; x_wconf 77' lang='lat'><strong>2622</strong></span> 
     </span>
     <span class='ocr_line' id='line_1_35' title="bbox 267 4158 1435 4248; baseline -0.004 -30"><span class='ocrx_word' id='word_1_286' title='bbox 267 4176 363 4218; x_wconf 84' lang='lat' dir='ltr'><strong>mutata</strong></span> <span class='ocrx_word' id='word_1_287' title='bbox 381 4176 407 4218; x_wconf 83' lang='lat' dir='ltr'><strong>et</strong></span> <span class='ocrx_word' id='word_1_288' title='bbox 425 4169 471 4246; x_wconf 70' lang='grc'><strong>261</strong></span> <span class='ocrx_word' id='word_1_289' title='bbox 491 4185 517 4248; x_wconf 83' lang='lat'><strong>³⁰.</strong></span> <span class='ocrx_word' id='word_1_290' title='bbox 539 4184 584 4234; x_wconf 92' lang='lat' dir='ltr'><strong>pro</strong></span> <span class='ocrx_word' id='word_1_291' title='bbox 605 4167 795 4217; x_wconf 89' lang='lat' dir='ltr'><strong>enumeratione</strong></span> <span class='ocrx_word' id='word_1_292' title='bbox 813 4168 916 4236; x_wconf 77' lang='lat' dir='ltr'><strong>popter</strong></span> <span class='ocrx_word' id='word_1_293' title='bbox 933 4159 1079 4231; x_wconf 72' lang='grc' dir='ltr'><strong><em>διηγήσεως</em></strong></span> <span class='ocrx_word' id='word_1_294' title='bbox 1101 4161 1132 4222; x_wconf 86' lang='grc' dir='ltr'><strong>(Ε</strong></span> <span class='ocrx_word' id='word_1_295' title='bbox 1154 4162 1233 4224; x_wconf 86' lang='lat'>1810)</span> <span class='ocrx_word' id='word_1_296' title='bbox 1251 4161 1331 4212; x_wconf 89' lang='lat' dir='ltr'><strong>verba</strong></span> <span class='ocrx_word' id='word_1_297' title='bbox 1352 4158 1384 4212; x_wconf 80' lang='grc' dir='ltr'><strong>τὰ</strong></span> <span class='ocrx_word' id='word_1_298' title='bbox 1406 4159 1435 4220; x_wconf 75' lang='grc' dir='ltr'><strong>ἓξ</strong></span> 
     </span>
     <span class='ocr_line' id='line_1_36' title="bbox 267 4243 1433 4382; baseline -0.007 -26"><span class='ocrx_word' id='word_1_299' title='bbox 267 4250 443 4355; x_wconf 51' lang='grc' dir='ltr'><strong>περιξτύύιλύ</strong></span> <span class='ocrx_word' id='word_1_300' title='bbox 460 4244 551 4358; x_wconf 45' lang='grc'><strong>2221287</strong></span> <span class='ocrx_word' id='word_1_301' title='bbox 564 4243 824 4372; x_wconf 56' lang='lat' dir='ltr'><strong>sbbbbpopwdpeaa</strong></span> <span class='ocrx_word' id='word_1_302' title='bbox 851 4309 877 4351; x_wconf 89' lang='lat' dir='ltr'><strong>et</strong></span> <span class='ocrx_word' id='word_1_303' title='bbox 902 4294 1134 4382; x_wconf 69' lang='grc' dir='ltr'><strong><em>κεφαλαιούμενοι</em></strong></span> <span class='ocrx_word' id='word_1_304' title='bbox 1160 4299 1263 4362; x_wconf 78' lang='lat' dir='ltr'><strong>legitur.</strong></span> <span class='ocrx_word' id='word_1_305' title='bbox 1298 4300 1433 4362; x_wconf 81' lang='lat' dir='ltr'><strong>genuinum</strong></span> 
     </span>
     <span class='ocr_line' id='line_1_37' title="bbox 266 4366 1432 4441; baseline -0.006 -18"><span class='ocrx_word' id='word_1_306' title='bbox 266 4374 370 4426; x_wconf 86' lang='lat' dir='ltr'><strong>verbum</strong></span> <span class='ocrx_word' id='word_1_307' title='bbox 395 4369 506 4441; x_wconf 80' lang='grc' dir='ltr'><strong><em>ἀνακεφ.</em></strong></span> <span class='ocrx_word' id='word_1_308' title='bbox 526 4388 586 4434; x_wconf 78' lang='lat' dir='ltr'><strong>ergo</strong></span> <span class='ocrx_word' id='word_1_309' title='bbox 612 4381 669 4438; x_wconf 86' lang='lat' dir='ltr'><strong>post</strong></span> <span class='ocrx_word' id='word_1_310' title='bbox 686 4369 757 4421; x_wconf 84' lang='lat' dir='ltr'><strong>TSac</strong></span> <span class='ocrx_word' id='word_1_311' title='bbox 779 4377 888 4421; x_wconf 84' lang='lat' dir='ltr'><strong>aetatem</strong></span> <span class='ocrx_word' id='word_1_312' title='bbox 911 4369 1023 4436; x_wconf 81' lang='lat' dir='ltr'><strong>syllabus</strong></span> <span class='ocrx_word' id='word_1_313' title='bbox 1045 4383 1098 4417; x_wconf 89' lang='grc' dir='ltr'><strong>ονα</strong></span> <span class='ocrx_word' id='word_1_314' title='bbox 1121 4367 1246 4427; x_wconf 85' lang='lat' dir='ltr'><strong>amisisse,</strong></span> <span class='ocrx_word' id='word_1_315' title='bbox 1268 4367 1293 4416; x_wconf 91' lang='lat' dir='ltr'><strong>iu</strong></span> <span class='ocrx_word' id='word_1_316' title='bbox 1313 4366 1331 4415; x_wconf 88' lang='lat' dir='ltr'><strong>P</strong></span> <span class='ocrx_word' id='word_1_317' title='bbox 1350 4374 1432 4416; x_wconf 85' lang='lat' dir='ltr'><strong>autem</strong></span> 
     </span>
     <span class='ocr_line' id='line_1_38' title="bbox 267 4437 1214 4508; baseline -0.012 -13"><span class='ocrx_word' id='word_1_318' title='bbox 267 4445 310 4496; x_wconf 87' lang='lat' dir='ltr'><strong>vel</strong></span> <span class='ocrx_word' id='word_1_319' title='bbox 329 4444 384 4494; x_wconf 89' lang='lat' dir='ltr'><strong>cius</strong></span> <span class='ocrx_word' id='word_1_320' title='bbox 403 4444 541 4508; x_wconf 79' lang='lat' dir='ltr'><strong>archetypo</strong></span> <span class='ocrx_word' id='word_1_321' title='bbox 560 4441 625 4492; x_wconf 85' lang='lat' dir='ltr'><strong>falso</strong></span> <span class='ocrx_word' id='word_1_322' title='bbox 644 4440 769 4508; x_wconf 79' lang='lat' dir='ltr'><strong>syllabam</strong></span> <span class='ocrx_word' id='word_1_323' title='bbox 789 4453 839 4506; x_wconf 86' lang='grc' dir='ltr'><strong>συγ</strong></span> <span class='ocrx_word' id='word_1_324' title='bbox 857 4439 986 4504; x_wconf 85' lang='lat' dir='ltr'><strong>accepisse</strong></span> <span class='ocrx_word' id='word_1_325' title='bbox 1005 4437 1149 4486; x_wconf 85' lang='lat' dir='ltr'><strong>sumendum</strong></span> <span class='ocrx_word' id='word_1_326' title='bbox 1168 4443 1214 4485; x_wconf 86' lang='lat' dir='ltr'><strong>cst.</strong></span> 
     </span>
    </p>
   </div>
   <div class='ocr_carea' id='block_1_6' title="bbox 0 0 1776 5208">
    <p class='ocr_par' dir='ltr' id='par_1_8' title="bbox 0 0 1776 5208">
     <span class='ocr_line' id='line_1_39' title="bbox 0 0 1776 5208; baseline 0 0"><span class='ocrx_word' id='word_1_327' title='bbox 0 0 1776 5208; x_wconf 95' lang='lat' dir='ltr'><strong> </strong></span> 
     </span>
    </p>
   </div>
  </div>
 </body>
</html>
