3536 5208
698 445 968 508 .—IlI-—

275 639 401 701 quorum
431 640 554 700 magnus
582 641 725 685 numerus
755 633 810 684 est.
855 622 990 683 librarius
1018 622 1095 684 enim
1125 641 1182 684 non
1211 622 1305 684 solum
1331 621 1444 688 usitatis

276 724 368 801 signis
390 734 469 787 certa
492 726 634 804 quaedam
650 726 804 788 vocobulu¹
830 733 860 787 et
879 725 1164 788 exitusverborum’
1182 725 1335 788 sedetiam
1354 725 1445 786 multa

276 828 414 889 vocabula
447 828 550 908 primis
583 848 684 892 eorum
719 829 825 891 litteris
858 829 1058 908 significarit³.
1115 829 1265 890 elisionem
1300 829 1445 903 librarius,

275 950 453 1011 quemquem
481 933 616 1012 pluribus
647 933 833 1014 apostropbis
863 952 936 994 usus
957 942 1003 994 est
1023 951 1110 1011 quam
1134 933 1277 994 editiones
1299 931 1445 1004 exhibent,

277 1043 375 1095 temen
399 1035 534 1115 plurimis
557 1036 629 1097 locis
651 1037 786 1115 neglexit,
813 1035 842 1096 id
865 1037 944 1116 quod
966 1036 1029 1116 ipse
1052 1036 1172 1112 videbis,
1195 1055 1262 1098 cum
1286 1037 1315 1096 in
1339 1036 1393 1095 bec
1415 1053 1446 1094 re

276 1138 409 1200 recensio
439 1146 540 1200 nostro
569 1139 697 1202 codicem
727 1148 861 1208 accurate
887 1149 1037 1220 sequatur.
1082 1147 1183 1202 contra
1209 1138 1245 1202 ab
1268 1159 1302 1203 eo
1325 1137 1448 1200 discedit

277 1241 307 1300 in
330 1242 504 1322 adponendo
526 1241 584 1304 iota
608 1253 691 1306 muto
711 1252 741 1306 et
755 1242 786 1302 in
803 1241 961 1322 spirituum
978 1250 1187 1304 accentuumve
1202 1242 1280 1304 notis
1295 1241 1446 1316 addendis,

276 1343 384 1425 quippe
406 1363 479 1424 quas
502 1345 595 1408 scribe
619 1365 704 1428 saepe
727 1355 778 1408 aut
800 1344 933 1410 omiserit
955 1355 1006 1406 aut
1027 1364 1180 1426 perperam
1204 1343 1364 1426 posuerit&

361 1450 426 1522 Ars,
448 1468 535 1528 quam
559 1449 684 1522 edimus,
708 1459 767 1512 tote
790 1449 825 1510 eb
848 1467 908 1508 nno
930 1448 1049 1510 librario
1067 1459 1181 1514 exarata
1198 1457 1251 1521 est,
1275 1447 1326 1510 sed
1344 1447 1445 1510 eodem

276 1559 447 1626 atramento,
471 1573 529 1634 quo
552 1553 694 1632 quaedam
710 1561 845 1616 renovato
862 1562 892 1614 et
904 1553 934 1614 in
950 1553 1080 1614 chartule
1098 1551 1204 1632 scripta
1220 1569 1284 1612 esse
1300 1569 1447 1612 memore-

276 1653 381 1728 vimus,
397 1674 489 1734 panca
505 1665 533 1716 et
548 1655 653 1736 pusillo
670 1657 773 1717 menda
790 1657 901 1736 primae
917 1674 1022 1716 manus
1039 1665 1169 1718 correcte
1185 1664 1264 1715 sunt.
1288 1673 1362 1733 quae
1378 1672 1446 1716 curn

276 1776 304 1836 p.
323 1757 399 1826 161.
415 1753 558 1832 ἆνκάζει,
579 1779 608 1839 p.
626 1761 666 1821 49
681 1792 693 1829 2
708 1751 854 1836 dyvroirco
870 1760 1046 1840 scripsisset,
1063 1778 1152 1840 super
1166 1759 1292 1822 litteram
1309 1779 1327 1820 ν
1341 1757 1448 1838 prioris

277 1859 357 1922 verbi
380 1861 517 1924 hamulus
539 1881 606 1926 cum
631 1863 746 1926 duobus
767 1863 896 1944 punctis,
919 1883 978 1942 quo
1000 1884 1042 1940 oy
1065 1862 1287 1942 significaretur,
1311 1870 1341 1922 et
1360 1878 1448 1942 super

345 2064 355 2096 ¹
373 2064 587 2116 commemoretur
610 2080 669 2116 reru
692 2074 751 2117 uota
776 2068 892 2118 adverbii
913 2063 1014 2134 ὁμοίως
1032 2074 1089 2132 post
1107 2065 1184 2116 verba
1202 2082 1225 2134 p.
1240 2065 1271 2116 50
1286 2079 1299 2119 ι
1316 2063 1381 2115 ποτὲ
1398 2064 1449 2131 μὲν

278 2132 368 2198 posite,
387 2135 460 2183 cuius
480 2134 561 2198 imago
575 2135 601 2184 iu
616 2135 714 2186 Walzii
726 2135 845 2203 Epistula
863 2139 950 2187 critico
968 2135 1003 2186 ad
1014 2134 1211 2185 Boieronodiom
1223 2133 1273 2184 tab.
1288 2133 1341 2184 sub.
1355 2135 1448 2183 ιιιιιι.·3

276 2202 356 2252 multo
378 2202 468 2254 melios
487 2217 607 2268 expressa
626 2211 667 2254 est
684 2220 756 2269 quoru
775 2204 800 2254 in
820 2205 936 2266 Seguerii
956 2205 1077 2254 editione.
1113 2203 1226 2254 circulus
1244 2209 1293 2264 est,
1315 2216 1449 2267 perquem

276 2285 289 2320 a
314 2271 389 2320 luera
412 2272 442 2320 ad
466 2271 577 2322 dextrum
602 2272 703 2338 oblique
722 2273 850 2338 percurrit
867 2273 978 2335 hastula,
1003 2273 1073 2322 cuius
1091 2273 1159 2338 perti
1179 2271 1306 2338 superiori
1323 2270 1448 2320 hamulum

277 2337 398 2388 efficienti
425 2339 456 2388 ub
483 2348 590 2405 utroque
617 2342 698 2391 latere
725 2349 843 2407 punctum
871 2342 1013 2407 adpositum
1041 2349 1088 2390 est.
1124 2339 1248 2404 Seguerio
1275 2341 1338 2388 hanc
1365 2346 1449 2387 notam

276 2407 364 2457 verbis
390 2398 546 2460 συνεκτικόν
568 2406 642 2461 ἔστιν
664 2411 834 2475 interpretato
853 2410 1003 2476 Spengelius
1022 2425 1109 2460 veram
1131 2409 1184 2458 eine
1203 2407 1448 2470 significationem

277 2474 379 2525 Wslzio
399 2483 525 2541 repertum
546 2491 601 2526 esse
620 2479 724 2529 monuit.
761 2485 894 2544 praeterea
913 2479 1081 2528 adnotandum
1100 2484 1140 2528 cst
1157 2493 1202 2544 pro
1215 2475 1447 2542 praepositionibus

276 2537 334 2593 ἀπὸ
354 2552 380 2593 et
398 2541 435 2606 ἐκ,
454 2543 504 2593 nisi
522 2545 621 2597 litteris
641 2547 826 2613 exprimuntur,
844 2547 909 2596 idem
928 2547 1025 2610 signum
1045 2546 1168 2596 adhiberi.
1204 2545 1289 2610 itaque
1302 2551 1360 2593 utra
1373 2559 1448 2609 prae-

277 2613 372 2678 positic
396 2613 510 2678 ponenda
532 2613 576 2676 sit,
599 2630 675 2681 saepe
693 2615 806 2666 dubitari
824 2623 908 2681 potest
927 2631 1005 2682 neque
1025 2629 1083 2665 raro
1102 2629 1116 2664 ι
1135 2613 1258 2676 chuerio
1277 2613 1448 2678 discrepantes

277 2681 384 2731 ulteraru
404 2681 483 2732 certis
502 2683 532 2732 de
552 2683 636 2733 causis
655 2684 828 2750 praetulimus.

345 2747 355 2782 ²
372 2747 456 2799 Pauca
475 2752 589 2816 exempla
609 2767 750 2818 proponere
768 2753 845 2802 liceat
863 2767 893 2802 ao
910 2751 989 2817 primu
1008 2752 1106 2817 quidem
1125 2750 1171 2800 illu
1192 2749 1264 2813 signe
1278 2747 1392 2814 syllabas
1405 2763 1449 2818 τερ

277 2823 303 2866 et
324 2833 375 2868 τατ
396 2820 565 2884 comparativi
590 2828 616 2870 et
640 2820 791 2885 superlativi
818 2820 972 2872 denotantia.
1009 2835 1071 2884 quse
1099 2835 1153 2868 eum
1178 2819 1247 2868 inter
1269 2833 1297 2868 se
1319 2816 1449 2867 simillima

277 2887 339 2949 sint,
361 2885 500 2948 Segnerius
519 2904 540 2952 p.
556 2888 624 2940 4910
642 2878 830 2958 εὖρυθμόιερα
853 2904 898 2953 pro
917 2888 1076 2954 superlativo
1095 2888 1163 2937 dedit
1187 2893 1220 2950 et,
1239 2901 1294 2936 eum
1312 2893 1369 2950 post
1386 2887 1450 2962 baec

278 2955 351 3016 signe
369 2955 562 3006 terminationes
582 2958 651 3006 nulla
670 2964 729 3007 notu
748 2957 899 3020 iudicentur,
921 2956 988 3006 iulsc
1006 2955 1110 3021 scripsit
1123 2971 1144 3020 p.
1160 2955 1225 3008 1816
1242 2953 1448 3018 ἔπακτικωιατη,

277 3039 300 3089 p.
314 3023 346 3074 25
356 3040 381 3077 ιι
400 3025 637 3142 nopodclcrrtpurc,
659 3040 804 3091 quamquam
823 3025 958 3090 utrobique
970 3033 1090 3076 accentus
1108 3023 1214 3074 litterae
1228 3039 1249 3072 ω
1261 3024 1451 3088 superscriptus

277 3099 324 3152 est,
339 3107 388 3158 qua
401 3107 429 3142 re
454 3083 658 3145 πακτικώιατον
671 3101 697 3143 et
711 3089 937 3164 παραβολώτερωι
946 3093 1078 3156 legendum
1091 3107 1147 3142 esse
1160 3097 1238 3158 patet.
1257 3099 1363 3142 occentu
1374 3092 1450 3140 etiarn

277 3175 301 3224 p.
314 3161 373 3214 44⁷
391 3176 437 3225 pro
456 3161 544 3210 dativo
562 3162 680 3232 τροπικῇ
700 3161 855 3223 Segueriuoo
875 3161 1033 3212 scribendum
1052 3177 1110 3211 osse
1124 3154 1238 3228 τροπικὴ
1252 3161 1450 3221 demonstretur,

277 3244 333 3280 oaur
357 3229 478 3292 ligature,
501 3244 564 3295 quoe
589 3245 634 3295 pro
658 3231 757 3297 syllaba
782 3247 809 3279 ικ
831 3238 977 3295 usurpetur,
1002 3245 1049 3278 nou
1074 3229 1262 3280 circumflexum
1286 3229 1329 3278 sed
1351 3234 1451 3278 acutum

278 3295 336 3347 lert.
381 3298 486 3378 syncop
510 3314 545 3355 ως
572 3307 631 3349 noto
659 3299 806 3364 compendio
833 3298 1007 3362 significetur,
1041 3299 1106 3364 qnod
1138 3297 1278 3363 ubieunque
1305 3297 1451 3346 adverbium

278 3366 434 3431 pronominis
453 3382 529 3422 ουτος
545 3367 652 3431 legitur,
671 3368 768 3417 litteris
786 3361 834 3418 οὔτ
852 3369 976 3418 adnexum
995 3373 1043 3431 est,
1061 3382 1109 3431 qua
1127 3366 1158 3415 de
1177 3380 1253 3416 consa
1271 3359 1355 3421 οὕτως
1374 3363 1450 3414 etiem

279 3442 338 3484 anto
357 3449 481 3484 consonas
500 3434 573 3485 nobis
592 3436 714 3487 edendum
732 3443 780 3486 est.

346 3501 411 3553 ὅθι.
432 3518 453 3553 e.
472 3517 496 3565 g.
515 3519 537 3568 p.
553 3502 584 3553 ³7
597 3520 630 3562 ιι,
644 3519 670 3558 ro
687 3504 730 3554 ubi
752 3500 892 3574 μάρτυρας
915 3512 942 3554 et
963 3505 1113 3575 propropter
1134 3502 1171 3553 itu
1189 3501 1310 3569 'breviata
1333 3507 1400 3563 sunt,
1423 3505 1452 3549 ut

279 3586 355 3636 supra
373 3570 498 3637 syllabam
515 3588 572 3643 μαρ
590 3572 679 3622 littera
697 3589 712 3622 ι
729 3589 783 3622 cunr
797 3573 910 3637 ligature
922 3573 1027 3638 quadum
1039 3578 1186 3637 poneretur,
1207 3569 1250 3621 sed
1264 3585 1319 3622 curu
1332 3576 1451 3619 accentus

278 3647 330 3690 turn
357 3641 482 3690 articulus
509 3647 594 3690 rectae
619 3641 738 3691 lectionis
761 3641 857 3692 indicia
879 3648 945 3702 sunt,
974 3641 1064 3707 quibus
1089 3639 1214 3701 neglectis
1234 3637 1371 3700 Seguerius
1395 3637 1451 3686 loco

278 3704 400 3759 inferiore
419 3707 483 3758 fuleo
501 3705 564 3766 τοὺς
579 3704 719 3779 μάρτυρας
736 3709 814 3760 dedit.
850 3709 946 3772 singuli
963 3725 1035 3760 casus
1048 3707 1172 3759 ediectivi
1184 3703 1293 3763 ἕκαστος
1306 3706 1451 3771 plerumque

279 3776 379 3828 litteris
404 3775 439 3842 ἑκ,
466 3777 556 3843 quibus
583 3777 694 3842 ligature
720 3779 804 3829 adfine
831 3785 859 3828 et
883 3795 901 3827 α
924 3777 1124 3844 superscriptum
1147 3783 1195 3839 est,
1223 3773 1401 3836 significantur
1423 3781 1453 3823 nt

278 3861 302 3911 p.
316 3846 347 3897 41
358 3859 396 3907 ιι;
414 3862 464 3896 uno
482 3847 538 3896 loeo
557 3862 581 3911 p.
594 3846 626 3896 36
636 3862 662 3900 ιι
681 3846 752 3899 ruodo
771 3850 799 3898 εῖι
819 3853 899 3908 extat,
917 3861 931 3896 e
950 3862 997 3912 quo
1011 3845 1150 3909 Seguerius
1168 3845 1233 3895 baud
1247 3850 1316 3894 recte
1329 3838 1453 3912 ἑκάτερον

279 3912 371 3964 effecit.
402 3915 559 3981 Spengelius,
577 3915 619 3980 qui
632 3917 711 3966 verba
725 3916 770 3966 καὶ
782 3908 906 3983 ἑκάτερον
918 3914 1036 3978 intellegi
1048 3929 1097 3962 non
1110 3928 1185 3980 posse
1198 3918 1224 3962 et
1236 3913 1324 3962 verbis
1337 3911 1454 3978 superio·

279 3982 351 4034 ribus
369 3977 467 4037 ἁπλῶς
482 3982 533 4050 μὲν
550 3984 638 4034 εἰπεῖν
655 3985 805 4034 sententiam
823 3990 869 4034 «ut
883 3983 1011 4047 singultim
1025 3983 1153 4033 dicemus»
1165 3980 1257 4047 opponi
1270 3980 1364 4030 dehere
1377 3979 1453 4041 vidit,

278 4049 340 4101 καθ’
358 4047 473 4104 ἕκαστον
494 4053 625 4115 legendum
649 4067 705 4102 osse
728 4052 846 4104 coniecit.
881 4067 945 4118 quae
968 4051 1113 4102 coniectura
1136 4050 1233 4100 codicis
1257 4048 1315 4100 Par.
1340 4049 1453 4098 lectione

280 4125 351 4168 reete
370 4119 500 4184 explicate
518 4121 622 4184 egregia
641 4120 811 4171 confirmetur.

348 4186 501 4254 4Perseepc
520 4187 647 4255 bisyllubu
667 4189 794 4252 enclitice,
812 4203 875 4254 quoe
889 4188 1004 4252 dicimus,
1023 4194 1141 4238 accentus
1153 4187 1254 4250 hebent,
1274 4185 1317 4252 qui
1329 4185 1453 4251 proximis

280 4255 367 4306 verbis
385 4255 515 4306 tribuendi
533 4264 599 4308 suut.
635 4273 680 4322 pro
700 4258 877 4308 coniunctione
894 4255 966 4324 μηδὲ
984 4256 1049 4307 haud
1067 4271 1126 4306 ruro
1144 4251 1183 4321 μὴ
1202 4252 1231 4306 δὲ
1248 4262 1274 4304 et
1292 4271 1314 4320 p.
1328 4253 1360 4304 26
1375 4269 1388 4306 o
1406 4269 1452 4318 pro

280 4324 408 4376 adiectivo
435 4324 571 4393 μηδεμίαν
596 4322 636 4392 μὴ
662 4323 692 4377 δὲ
716 4328 787 4392 μίαν
814 4326 922 4392 positum
949 4331 995 4375 est.
1032 4324 1169 4375 nonnullae
1196 4323 1301 4388 denique
1328 4321 1453 4388 syllabae,

245 4399 249 4410 ”
280 4392 371 4458 quibus
395 4393 570 4445 circumflexus
593 4396 708 4454 debetur,
730 4401 804 4445 ecuto
827 4402 871 4445 aut
888 4394 963 4458 gravi
982 4394 1121 4442 instructae
1140 4399 1200 4443 sunt
1217 4399 1247 4441 ut
1264 4407 1287 4457 p.
1302 4391 1316 4440 2
1331 4407 1343 4443 4
1360 4393 1451 4457 μίσος,

281 4478 303 4530 p.
318 4463 350 4512 33
365 4478 377 4516 e
395 4453 490 4526 denti,
514 4479 537 4528 p.
551 4463 583 4512 39
598 4479 609 4515 ι
628 4458 720 4514 διπλᾶ.

1259 4543 1293 4596 a*
