3538 5212
715 401 933 466 ..29-

238 571 349 654 ιοῦτος
365 577 504 662 κλέπτης
519 577 565 664 τῷ
588 572 706 662 ὦφθαι
729 573 828 644 αὐτόν
851 577 908 642 ἐπὶ
925 574 1030 662 ἡμέρᾳ
1045 577 1113 642 ἐκεῖ
1128 577 1163 643 έν
1178 570 1237 664 ᾦὴ
1254 574 1406 643 ἀπώλεια

242 681 375 765 (νυκτός
403 681 557 760 ἐγένετοτ
585 678 605 764 ἢ
633 677 732 766 ὅταν)
763 680 906 764 λέγωμεν
936 680 994 745 τόν
1026 677 1270 765 ὑπερβαίνοντα
1305 707 1405 746 κατα-

238 784 410 868 ληφθῆναι
425 785 470 870 τῷ
485 785 544 848 τοῦ
566 783 770 870 κηρύγματος
793 781 953 848 ἆκοόοντα
968 785 1177 869 μεταστῆναι.
1222 786 1277 848 καί
1293 785 1329 850 τὸ
1345 787 1406 869 μὲν

239 886 326 962 εἰκὸς
359 881 471 960 οὕτως.
527 890 596 951 151.
630 888 667 952 τὸ
697 888 734 952 δὲ
763 887 939 972 τεκμήριον
966 881 1078 960 οὕτως·
1111 885 1286 972 τεκμήριόν
1315 889 1405 953 ἐστιν

203 992 219 1047 5
240 988 326 1063 είκός
349 987 468 1053 ἄλυτον
491 982 528 1053 οὗ
550 989 720 1068 γεγονότος
742 989 850 1075 πάντη
873 1013 908 1052 τε
930 990 985 1051 καί
1001 986 1133 1064 πάντως
1152 989 1280 1076 (ἐστὶν)
1298 990 1404 1056 ἐκεῖνο

239 1087 277 1156 οὖ
299 1090 473 1176 τεκμήριον
502 1089 652 1178 ὑπάρχει.
707 1097 776 1158 152.
811 1093 847 1157 τὸ
879 1091 917 1155 δὲ
950 1102 1087 1175 σημεῖον
1120 1088 1235 1167 οὕτως·
1267 1092 1405 1178 σημεῖόν

238 1194 307 1258 ἐστι
329 1228 388 1266 τε*
410 1195 585 1280 τεκμήριον
610 1195 668 1282 ἤδη
685 1192 1036 1280 καταλαμβανόμενον·
1071 1190 1260 1280 κοινότερον
1275 1197 1312 1261 δὲ
1329 1194 1405 1262 είά-

237 1300 323 1361 θασι
350 1299 499 1381 χρῆσθαι
527 1294 600 1362 άντὶ
627 1301 686 1364 τοῦ
714 1297 840 1374 εἰκότος
865 1300 911 1384 τῷ
934 1303 1071 1383 σημείῳ,
1096 1293 1182 1362 άστε
1204 1299 1287 1362 κατά
1308 1302 1404 1365 τοῦτο

238 1411 375 1484 σημεῖον
391 1403 476 1464 εἶναι
492 1401 575 1487 αἷμα
591 1400 709 1488 φόνου,
726 1407 891 1488 στέφανον
906 1397 1105 1484 εὐεργεσίας,
1122 1393 1241 1486 μέθην
1253 1400 1403 1484 εὐωχίας,

185 1509 219 1562 10
238 1500 353 1579 άπλοίς
375 1505 486 1569 εἰπεῖν
514 1504 602 1579 εἰκὸς
630 1507 715 1569 εἶναι
745 1507 800 1570 καὶ
824 1515 960 1590 σημεῖον
983 1500 1068 1568 ὅπου
1092 1505 1225 1590 πιθανὴ
1248 1505 1403 1592 ἐπαγωγὴ

236 1611 363 1685 γίνεται
392 1609 439 1680 εἰς
467 1607 504 1671 τό
532 1612 761 1692 προκείμενον.
812 1610 881 1672 153.
904 1608 968 1672 τῶν
995 1606 1032 1670 δὲ
1055 1606 1203 1685 είκότων,
1227 1613 1323 1693 φησί,
1347 1611 1404 1672 καὶ

235 1709 301 1772 τῶν
323 1713 469 1793 σημείων
493 1709 562 1794 [καὶ
584 1713 649 1776 τῶν
670 1708 964 1796 παραδειγμάτων]
979 1709 1061 1794 ιείόη
1085 1715 1173 1794 τρία·
1197 1711 1238 1775 τά
1256 1712 1323 1796 πρὸ
1346 1714 1404 1777 τοῦ

165 1820 218 1872 141
237 1809 442 1896 πράγματος,
467 1811 510 1886 ὠς
525 1816 623 1897 νέφος
644 1816 815 1896 χειμῶνος,
838 1814 879 1877 τά
900 1814 935 1878 έν
950 1816 995 1898 τῷ
1011 1811 1194 1898 πράγματι,
1219 1813 1263 1890 τός
1278 1817 1404 1891 καπνός

236 1911 353 1997 πυρός,
377 1916 418 1978 τά
440 1915 523 2000 μετὰ
543 1917 580 1980 τό
604 1920 754 2002 πρᾶγμα,
780 1915 822 1992 οἷς
844 1915 928 1998 αίμα
950 1913 1062 2000 φόνου.

185 2029 218 2083 15
325 2020 394 2080 154.
427 2019 646 2104 Παράόειγμα
679 2021 733 2097 δέ,
768 2019 810 2095 ως
844 2017 943 2106 (μὲν)
980 2021 1143 2108 Νεοκλῆς,
1178 2022 1315 2107 ἐμφερὲς
1348 2024 1404 2086 καί

236 2115 354 2202 ὅμοιον
383 2122 439 2184 καὶ
468 2123 554 2197 είκός
582 2125 628 2208 τῷ
653 2122 836 2208 ζητουμένῳ
859 2121 1043 2209 πράγματι,
1068 2123 1130 2210 ἀφ’
1158 2119 1196 2190 οὗ
1219 2121 1405 2210 ὁρμώμενος

235 2217 279 2288 άν
300 2249 350 2298 τις
373 2222 514 2298 άξιοίσαι
539 2223 689 2310 [ὁμοίως]
713 2228 754 2290 τά
777 2223 877 2310 ὅμοια
900 2240 1037 2311 φρονεῖν
1059 2231 1114 2292 καί
1138 2229 1196 2294 ἐπὶ
1218 2230 1276 2293 τοῦ
1295 2226 1405 2312 ζητου-

234 2332 346 2408 μένου,
371 2327 443 2392 οίον
457 2331 516 2392 τοῦ
531 2329 607 2395 τινά
622 2328 826 2414 δορυφόρους
842 2330 1052 2416 λαμβάνοντα
1067 2330 1281 2417 τυραννήσειν
1296 2335 1404 2416 παρά-

235 2428 356 2514 δειγμά
371 2431 442 2495 ε’στι
460 2436 699 2515 Πεισίστρατος
716 2435 771 2497 καί
787 2433 936 2520 Φάλαρις
951 2437 1006 2499 καὶ
1018 2435 1206 2510 Διονύσιος.
1232 2439 1302 2499 155.
1312 2431 1401 2499 Ἀλέ-

308 2616 318 2665 1
339 2605 459 2667 ἀπώλεια
473 2617 593 2684 λέγωμεν
604 2613 635 2668 τὸ
648 2613 741 2682 ὑπερβ,
755 2620 846 2669 καταλ.
860 2615 890 2669 τὸ
903 2622 951 2668 τοῦ
964 2637 1021 2689 κηρ.
1034 2613 1076 2670 cix.
1089 2634 1199 2688 μεταστ.
1213 2617 1232 2668 Ρ
1244 2619 1356 2686 λέγομεν
1367 2621 1404 2686 τῷ

237 2721 262 2735 ..
281 2683 319 2764 to}
331 2685 389 2764 Sor,
408 2681 533 2763 ἀπτόλεηα
555 2687 651 2752 γέγονε
673 2685 711 2753 τῷ
729 2723 755 2737 ..
774 2687 812 2766 τῷ
828 2687 857 2751 F,
880 2684 966 2751 κλοπὴ
988 2688 1092 2754 ἐγίνετο
1106 2687 1138 2752 R,
1160 2689 1271 2755 λέγομεν
1278 2683 1335 2770 Ν<ἢ>
1354 2685 1404 2770 ηόν

236 2788 263 2803 ..
281 2768 318 2816 τῳ
333 2753 388 2802 Wil
441 2754 455 2803 5
474 2769 582 2810 παντως
599 2751 701 2805 ἐκείνου
718 2754 892 2826 τεκμηριονΡ
914 2756 1014 2821 (ἐστὶν)
1036 2758 1076 2808 vel
1097 2754 1218 2824 (ἕπεται)
1233 2754 1321 2807 ἔκεινο
1339 2755 1403 2805 onii

238 2821 268 2872 10
296 2817 430 2888 άπαγωγὴ
453 2822 471 2872 Ρ
500 2837 538 2872 em
560 2822 609 2884 Seg
669 2822 700 2872 12
726 2824 773 2873 καὶ
798 2824 852 2874 τῶν
877 2817 1108 2893 παραδειγμάτων
1134 2833 1179 2874 aut
1201 2825 1331 2874 dolendum
1359 2831 1402 2872 aut

235 2888 1265 3029 11511151151115155515λς1111111
1279 2889 1288 2958 ¹¹
1301 2887 1404 2959 ὁμοίως

302 3111 319 3176 ξ
339 3111 386 3161 152
405 3121 463 3178 post
481 3102 622 3176 σημεῖόν
640 3109 710 3162 ἔστι
729 3113 901 3163 definitionem
920 3114 986 3176 signi
1000 3115 1088 3164 deesse
1101 3113 1209 3175 oouioio,
1228 3127 1290 3178 quuo
1304 3127 1403 3178 eompa-

235 3180 334 3230 ratione
353 3181 421 3243 signi
439 3187 466 3230 et
483 3184 625 3248 τεκμηρίου
643 3181 691 3230 inm
711 3183 834 3247 explicati
853 3181 924 3232 finito
942 3183 984 3232 sit.
1021 3184 1105 3246 ituquo
1123 3182 1185 3232 hneo
1204 3180 1259 3230 fere
1276 3180 1353 3231 verbo
1372 3181 1402 3230 nd

234 3249 349 3300 locunnm
371 3249 519 3314 explendam
541 3257 597 3314 τρία
617 3257 676 3299 snut
696 3242 840 3320 (πρότασις
858 3245 1029 3314 ἀποδεικτικὴ
1048 3248 1155 3306 ἔνδοξος
1172 3252 1216 3311 (=
1228 3249 1310 3300 Arist.
1329 3248 1402 3298 Anni.

236 3333 273 3382 pr.
292 3333 315 3382 p.
328 3317 380 3366 70o
396 3320 420 3380 τ)
441 3313 504 3367 οὐδὲ
521 3311 656 3383 άναγκαία
675 3313 723 3382 ὡς)
743 3311 888 3386 τεκμήριον
906 3312 955 3383 ἤδη
969 3313 1253 3385 καταλαμβανόμενον.
1288 3309 1402 3368 κοινό-

234 3400 330 3451 τερον
346 3382 404 3435 κτὲ.
434 3385 540 3436 Neoclis
561 3385 687 3450 proprium
707 3394 747 3436 est
765 3389 864 3437 nomine
883 3387 931 3436 τοῦ
949 3379 1050 3441 εἰκότος
1066 3387 1113 3436 sei.
1126 3387 1174 3436 τοῦ
1191 3388 1286 3456 κυρίως
1299 3381 1403 3441 εἰκότος

234 3470 312 3518 genus
339 3454 582 3516 argumentationum
609 3453 763 3516 significare,
791 3455 881 3520 quibus
903 3455 1035 3505 credibilis
1059 3455 1172 3504 inductio
1199 3454 1228 3504 fit
1250 3454 1275 3502 in
1299 3469 1352 3503 rem
1371 3455 1401 3502 de

234 3537 281 3588 quu
308 3523 401 3584 agitur.
438 3523 579 3572 nominibus
606 3525 749 3590 τεκμηρίου
775 3531 802 3573 et
829 3526 946 3587 σημείου
969 3524 1049 3586 igitur
1070 3523 1167 3590 speeies
1192 3522 1326 3584 significet,
1355 3521 1401 3571 illo

234 3585 306 3646 εἰκός
327 3584 434 3652 άλυτον,
460 3590 506 3640 hoe
530 3585 601 3646 εἰκός
622 3589 673 3641 οὐκ
695 3587 797 3642 ἄλυτον.
833 3592 880 3641 ulii
903 3595 1001 3660 σημεῖα
1023 3607 1102 3654 genus
1126 3605 1181 3642 esse
1199 3593 1345 3656 voluerunt,
1373 3597 1402 3640 ut

234 3657 398 3709 Arionium
415 3657 499 3708 1357o
512 3657 543 3708 τί.
558 3659 630 3709 Anni.
644 3674 680 3725 pr.
694 3658 759 3709 1127
779 3665 806 3708 et
821 3659 906 3725 Quint.
921 3660 941 3709 V
956 3660 978 3709 9.
1015 3661 1045 3710 nd
1062 3661 1151 3709 horum
1170 3659 1294 3710 rationem
1313 3675 1401 3708 nomen

234 3731 347 3794 σημείου
364 3727 499 3776 adhibendi
519 3727 661 3792 respiciunt
674 3728 751 3778 verbu
769 3719 927 3799 κοινότερον
938 3727 988 3778 κτὲ.
1025 3728 1105 3778 eidem
1125 3727 1240 3778 rhetores
1256 3727 1401 3777 diviserunt

234 3797 305 3858 signa
323 3798 347 3846 iu
368 3796 429 3844 duos
441 3795 549 3860 speeies,
567 3795 639 3858 signu
653 3797 804 3854 necessaria,
823 3789 963 3862 τεκμήρια,
982 3804 1008 3846 et
1021 3796 1093 3857 signo
1106 3812 1153 3845 non
1168 3796 1319 3857 necessaria,
1337 3809 1401 3860 quae

233 3865 313 3916 Arist.
327 3865 344 3914 1.
359 3864 376 3912 l.
395 3879 517 3930 anonyma
542 3879 598 3914 esse
622 3866 691 3925 dicit,
713 3865 759 3914 ulii
780 3863 873 3916 Graeci
898 3860 988 3914 εἰκότα
1012 3864 1207 3914 nominaverunt
1227 3861 1258 3913 ef.
1279 3862 1400 3936 Quintil

233 3933 248 3982 9
263 3947 283 3984 ε.
319 3931 403 4015 §1⁸52
414 3933 497 4011 Anax:
514 3933 545 3996 Sp
560 3931 572 4014 1ν
587 3932 635 3982 199
648 3935 846 4014 ιαἈσημεζονι..
866 3933 1025 3998 εἰθισμένον
1046 3935 1172 3996 γίνεσθαι
1189 3927 1244 3998 πρὸ
1263 3933 1312 3980 τοῦ
1329 3947 1401 3996 πρα-

232 4017 443 4121 111101311111
460 4015 784 4137 ἔλλίλίίεῖἶλόὶίίι
797 3999 1118 4132 'iiiimxiiii
1124 4000 1260 4135 &2123st
1267 4000 1401 4136 5111111

233 4139 426 4206 Πεισίστρατος
444 4129 580 4206 πρότερον
596 4135 778 4201 ἐπιβουλεύων
794 4132 851 4208 ᾔτει
863 4133 985 4200 φυλακὴν
996 4138 1042 4186 καὶ
1053 4132 1144 4200 λαβὼν
1155 4129 1338 4204 ἐτυράννευσε,
1356 4139 1401 4186 καὶ

233 4205 367 4272 Θεαγένης
384 4204 413 4256 ἐν
424 4197 578 4272 Μεγάροις’
608 4207 655 4255 καί
672 4200 748 4256 iiior
766 4201 850 4260 ὅσους
862 4207 944 4268 ἴσασι,
962 4201 1137 4272 παράδειγμα
1149 4199 1249 4259 πάντες
1260 4209 1401 4270 γίγνονται

231 4274 277 4323 τοῦ
296 4276 453 4325 Διονυσίου.
490 4273 521 4323 of.
542 4271 663 4338 Quint.V
684 4277 750 4328 ils.
785 4272 862 4336 §155
883 4274 961 4324 Arist.
980 4272 1051 4322 unet.
1071 4273 1156 4322 1356o
1180 4273 1324 4338 paradigma
1341 4273 1402 4322 rhe-

231 4343 337 4392 turicum
365 4356 491 4423 εμεςοςοο
520 4357 576 4393 esse
603 4342 666 4393 dicit
693 4342 862 4396 ο113511ιττ
886 4343 943 4394 ἔστι
966 4340 995 4392 δὲ
1018 4334 1080 4393 οὔτε
1098 4336 1134 4397 ὠς
1150 4346 1232 4406 μέρος
1248 4337 1320 4409 πρὸς
1336 4335 1400 4392 ὅλον

232 4408 293 4463 οὐθ’
312 4406 347 4468 ὡς
373 4411 437 4462 ολον
462 4405 535 4482 πρὸς
559 4412 641 4484 μέρος
668 4405 729 4462 οὐθ’
750 4405 786 4467 ὠς
813 4406 876 4462 ὅλον
905 4407 974 4483 πρὸς
1002 4403 1074 4477 ὅλον,
1101 4406 1154 4460 ἀλλ’
1178 4406 1214 4466 ὡς
1230 4411 1312 4482 μέρος
1329 4406 1401 4481 πρὸς
