3536 5208
647 419 691 428 -
736 381 888 445 XXXVII
933 419 975 426 —
1025 411 1028 416 ·

234 558 353 619 tationis
387 558 550 620 elocutione
583 567 737 639 praecepto
770 567 902 639 excerpta
935 561 1027 620 esset
1077 577 1150 638 quae
1177 577 1244 620 curn
1267 558 1306 619 ita
1330 561 1398 632 sint,

234 661 356 722 dubium
385 680 443 722 non
471 670 528 734 cst,
557 660 628 740 quin
656 662 831 740 epitomator
858 661 970 740 singula
993 663 1028 723 de
1061 661 1224 723 elocutione
1246 673 1398 743 praecepta

233 764 388 826 Alexandri
411 764 549 826 extremis
571 763 714 844 excerptis
737 763 918 842 singulorum
944 765 979 824 de
1000 763 1167 824 inventione
1183 773 1331 825 tomorum
1346 765 1398 825 ad-

233 867 376 928 nexuerit.
421 886 456 927 ex
478 886 536 946 quo
558 865 735 944 intellegitur
758 866 883 926 eundem
900 866 1136 946 Harpocrationis
1152 868 1237 928 verba
1253 866 1399 942 §§138-

236 970 295 1031 142
318 991 333 1031 a
357 970 433 1039 sede,
456 988 543 1049 quam
566 969 595 1028 in
612 969 733 1030 Cornuti
755 970 823 1030 Arte
845 969 983 1031 tenebant
1005 970 1082 1031 inter
1105 970 1341 1050 Harpocrationis
1364 970 1399 1030 de

232 1073 375 1154 prooemii
397 1083 427 1133 et
448 1071 707 1151 argumentationis
723 1071 886 1132 elocutione
900 1082 1063 1152 praecepta,
1086 1073 1244 1135 removisse
1266 1083 1296 1135 et
1309 1093 1399 1154 prop-

233 1183 310 1236 terea
341 1174 525 1236 enuntiatum
558 1173 635 1255 περὶ
669 1173 706 1236 δὲ
738 1173 794 1256 τῆς
826 1171 1010 1256 διηγήσεως
1034 1177 1161 1259 εἴρηται
1188 1175 1223 1239 ἒν
1248 1177 1293 1260 τῷ
1322 1176 1398 1257 περὶ

233 1273 387 1358 εὑρέσεως
410 1275 548 1360 δευτέρῳ
570 1273 660 1359 τόμῳ
684 1277 707 1337 Ε
729 1277 810 1346 4917
832 1277 1003 1338 inseruisse.

316 1379 402 1442 Nunc
423 1380 553 1460 quinque
576 1389 681 1451 tomos,
704 1379 733 1439 in
758 1399 832 1460 quos
855 1379 976 1441 Cornuti
993 1381 1092 1442 Artem
1117 1381 1237 1442 divisam
1261 1399 1325 1442 csse
1347 1383 1399 1443 de-

232 1484 469 1556 monstravimus
506 1483 662 1544 restituere
698 1483 906 1562 aggrediamur.
966 1484 1097 1544 membra
1134 1485 1171 1544 ab
1207 1483 1397 1564 epitomatore

231 1587 327 1648 luxata
349 1588 380 1648 in
403 1587 536 1648 ordinem
561 1586 720 1666 genuinum
745 1586 876 1664 redigere
898 1595 928 1646 et
949 1605 1023 1665 quae
1046 1587 1081 1647 ab
1096 1586 1287 1667 epitomatorc
1302 1585 1396 1647 excisa

231 1689 275 1750 vel
297 1689 424 1751 breviata
448 1689 508 1750 sint
526 1692 689 1769 patefacere
708 1689 890 1750 conabimur.

414 1861 726 1926 KOPNOYTOY
760 1865 932 1925 TEXNH
959 1864 1225 1926 PHTOPIKH

546 1961 629 2043 Περὶ
653 1953 809 2041 εὑρέσεως
832 1961 961 2044 πρῶτος
982 1955 1089 2044 τόμος.

315 2073 435 2135 Initium
466 2074 544 2136 Artis
576 2074 671 2134 multo
700 2073 804 2152 purius
836 2092 923 2152 quam
955 2073 986 2134 in
1014 2073 1037 2133 E
1063 2073 1140 2153 apud
1168 2072 1264 2134 llSam
1291 2070 1398 2150 legitur

236 2175 270 2260 W
287 2177 323 2238 Vl
338 2178 441 2250 511ιι

234 2321 265 2337 ..
289 2273 306 2341 ὁ
328 2277 536 2352 πολιτικὸς
557 2270 672 2356 λόγος
695 2279 742 2351 είς
764 2274 906 2360 τέσσαρα
928 2282 1008 2361 μέρη
1036 2277 1232 2360 διαιρεῖται·
1255 2277 1397 2358 προοί-

232 2403 345 2462 μιον,
369 2377 582 2464 διήγησιν,
607 2384 767 2456 πίστιν,
791 2379 995 2458 ε’πίλογον·
1019 2377 1179 2465 χρῄζομεν
1201 2377 1262 2461 γὰρ
1285 2377 1326 2442 ἒν
1347 2377 1398 2460 τῷ

232 2483 435 2568 πολιτικῷ
454 2479 559 2566 λόγῳ
577 2488 765 2568 προοιμίων
782 2483 842 2566 μὲν
857 2481 940 2564 πρὸς
954 2481 993 2544 τὸ
1007 2485 1281 2564 προσεχεστέρονς
1297 2480 1398 2562 ποιῆ-

233 2603 290 2650 σαι
313 2585 388 2659 τούς
410 2583 584 2667 ἀκροατάς,
608 2585 789 2670 διηγήσεως
811 2585 848 2648 δὲ
871 2585 954 2667 πρὸς
977 2585 1014 2648 τὸ
1030 2582 1166 2656 διδάξαι
1188 2582 1224 2646 τὸ
1247 2583 1396 2664 πρᾶγμα,

232 2691 297 2752 τῶν
326 2688 363 2752 δὲ
392 2693 536 2753 πίστεων
564 2689 648 2768 πρὸς
673 2689 710 2752 τὸ
739 2686 962 2752 ἀνασκευάσαι
991 2688 1046 2750 καὶ
1072 2679 1335 2750 κατασκευάσαι’
1361 2683 1398 2748 τὸ

233 2796 462 2875 προκείμενον,
485 2793 563 2854 τῶν
585 2791 606 2854 δ
612 2790 627 2853 ὲ
649 2789 846 2868 ε’πιλόγων
868 2791 951 2869 πρὸς
973 2790 1009 2852 τὸ
1026 2788 1211 2872 ἐπιρρῶσαι
1226 2788 1283 2851 τὸν
1298 2783 1399 2850 ἄκου’-

233 2916 312 2958 οντα
340 2895 386 2967 είς
413 2893 472 2977 τὴν
498 2891 582 2976 ὑπὲρ
610 2891 703 2976 ἡμῶν
725 2895 849 2978 ψῆφον.
894 2895 1044 2974 Epitomes
1067 2894 1153 2955 verba
1176 2889 1247 2976 ἢτοι
1271 2891 1399 2956 δικανι-

231 2995 287 3070 eug
308 2998 386 3060 inter
408 2996 580 3070 πολιτικὸς
603 3007 632 3059 et
653 2989 752 3074 λόγος
773 2997 836 3058 iure
859 2999 973 3070 desunt,
997 2998 1135 3077 quoniam
1159 2997 1307 3058 Cornutus
1334 3016 1399 3058 πο-

231 3099 358 3164 λιτικὸν
384 3092 486 3173 λόγον
513 3101 638 3162 eundem
667 3107 753 3179 atque
776 3097 947 3163 δικανικὸν
973 3120 1118 3163 essenon
1141 3101 1286 3162 censebat.
1329 3117 1398 3160 nam

231 3205 262 3266 in
285 3207 354 3266 Arte
376 3205 463 3266 etiam
487 3203 522 3264 de
545 3204 676 3265 oratione
699 3203 882 3266 deliberativa
906 3213 1059 3284 praecepta
1082 3205 1178 3277 tradit,
1202 3212 1236 3264 nt
1256 3203 1279 3262 Ε
1302 3201 1398 3278 §§13‚

235 3310 284 3381 14,
299 3307 339 3369 43
347 3309 368 3381 ³,
391 3317 421 3369 et
436 3327 521 3388 saepe
537 3307 684 3368 orationes
698 3308 786 3370 huius
803 3307 916 3386 generis
931 3327 955 3368 e.
972 3327 998 3387 g.
1014 3308 1116 3379 adfert,
1140 3315 1173 3367 ut
1187 3306 1210 3366 E
1226 3305 1245 3367 8
1261 3339 1295 3377 ιι,
1311 3304 1352 3365 26
1363 3335 1398 3377 ιι,

233 3411 323 3482 4310.
372 3412 470 3490 itaque
496 3411 617 3472 nomine
648 3409 821 3473 πολιτικοῦ
847 3408 946 3487 λόγον
969 3421 999 3472 et
1019 3411 1182 3472 iudicialem
1206 3418 1235 3470 et
1257 3408 1399 3469 delibera-

232 3514 320 3575 tivam
344 3514 505 3575 orationem
529 3513 787 3594 comprehendisse
809 3514 957 3594 putandus
979 3523 1032 3586 est,
1055 3513 1134 3576 unde
1156 3511 1242 3572 verba
1259 3507 1330 3592 ἤτοι
1346 3508 1399 3570 δι-

232 3616 365 3690 κανικὸς
391 3617 427 3678 ab
454 3617 645 3697 epitomatore
674 3618 738 3698 ipso
768 3627 819 3678 aut
844 3627 945 3697 postea
972 3618 1079 3678 inserta
1110 3635 1173 3677 esse
1199 3613 1398 3692 consequitur.

301 3823 309 3855 ¹
329 3823 413 3874 Verba
433 3821 616 3886 §acteonem
639 3824 711 3872 modo
735 3828 809 3887 atque
831 3829 962 3888 praecepta
982 3821 1120 3885 dequibus
1138 3821 1164 3870 in
1182 3821 1238 3869 adn.
1258 3815 1398 3870 XXXVln

233 3891 407 3952 dissernimus,
425 3891 559 3956 superiore
577 3891 633 3940 loco
652 3889 730 3955 §teo
748 3890 927 3956 praetermissa
948 3905 1004 3939 esee
1022 3891 1148 3938 videntur.

299 3959 309 3992 ²
327 3956 528 4010 κατασκευάσαι
551 3953 566 4021 ἢ
591 3951 776 4010 ἀνασκευάσαι
794 3957 812 4007 Ρ
835 3958 946 4007 exhibet.
981 3957 1126 4007 coniunctio
1148 3949 1165 4017 ἢ
1189 3956 1253 4020 apud
1272 3953 1351 4004 llSem
1372 3953 1399 4002 in

232 4029 277 4078 καὶ
303 4035 421 4093 corrupta
450 4034 499 4088 est,
526 4027 588 4075 ordo
608 4027 772 4076 terminorum
794 4026 819 4075 io
840 4025 857 4075 Ρ
876 4025 979 4075 librarii
1002 4025 1076 4092 culpa
1103 4025 1237 4100 inversum!
1259 4037 1315 4072 esse
1339 4021 1399 4086 Epi·

232 4103 312 4146 tomes
332 4093 452 4160 excerpto
472 4095 503 4145 W
519 4093 563 4146 Vll
582 4095 651 4148 2619
669 4094 782 4160 adparet,
803 4095 846 4144 nbi
863 4089 1038 4151 ἀναστενάζει
1054 4086 1071 4156 ἢ
1089 4089 1277 4148 κατασκευαζει
1295 4090 1397 4152 legitur.

233 4162 265 4214 cl.
284 4165 314 4213 de
332 4165 419 4213 ordine
437 4165 524 4212 horum
543 4163 708 4214 terminorum
726 4161 747 4212 Ε
766 4162 844 4216 3612.

301 4231 477 4282 3θνοῐίοιιειο
500 4232 725 4282 demonstrativam
748 4231 875 4280 Cornutus
897 4246 946 4279 non
970 4236 1043 4278 curat
1065 4226 1223 4279 Theodorum
1246 4235 1275 4278 ut
1296 4226 1399 4278 videtur

233 4309 344 4363 secutus,
368 4301 410 4366 qui
433 4301 501 4350 eirca
523 4301 616 4350 civiles
638 4300 733 4350 domum
757 4300 918 4364 quaestiones
936 4299 953 4348 i.
973 4313 994 4347 e.
1013 4297 1149 4346 iudiciales
1167 4303 1194 4346 et
1213 4295 1398 4346 deliberativae

234 4376 351 4420 oratores
369 4368 494 4419 indicavit
506 4369 606 4421 versari
624 4374 651 4417 ct
668 4374 764 4435 purtem
778 4368 930 4420 laudativam
944 4366 1065 4418 excludit.
1102 4363 1132 4416 cl.
1146 4363 1233 4434 Quint.
1246 4365 1265 4414 ll
1281 4364 1311 4428 15
1321 4381 1356 4426 οο,
1365 4375 1398 4416 m.
