3536 5208
795 437 838 446 —
885 399 992 464 XXVI
1037 436 1080 448 -

358 588 449 641 artem
479 579 603 640 condere
630 577 746 639 nolebat
773 578 823 639 sed
847 578 1021 640 vetustiores
1048 587 1125 640 artes
1156 579 1345 659 compilabat,
1373 579 1525 641 clarissimi

358 683 484 745 rhetoris
506 682 606 755 libros,
629 682 679 761 qui
701 682 778 761 apud
801 690 936 761 posteros
959 700 1074 743 summa
1096 682 1269 743 auctoritate
1291 681 1443 756 florebant,
1467 703 1525 744 non

357 783 557 866 neglexisset¹.
605 794 635 845 at
657 785 774 863 quando
797 784 989 863 Hermogenis
1011 804 1058 846 ars
1082 804 1165 846 suam
1194 784 1396 846 auctoritatem
1420 787 1526 848 habere

358 890 486 971 coeperit
518 891 664 950 incertum
697 895 750 948 est.
806 887 862 948 hoc
894 888 1013 966 quidem
1047 888 1211 949 adseverari
1244 897 1342 968 potest
1374 907 1469 968 neque
1496 890 1525 950 in

357 995 474 1074 Apsinis
501 1012 595 1073 neque
621 993 652 1053 in
684 991 808 1072 Longini
835 1001 897 1052 arte
926 991 983 1051 ulla
1010 990 1130 1070 vestigia
1153 989 1344 1068 Hermogenis
1378 992 1526 1054 doctrinae

358 1099 461 1177 detegi.
506 1096 584 1158 Artis
607 1105 705 1158 autem
728 1104 877 1157 auctorem
901 1112 960 1154 uno
983 1112 1017 1153 ex
1040 1093 1207 1154 rhetoribus
1225 1094 1405 1173 Hermogene
1427 1105 1525 1175 poste-

357 1201 467 1274 riobuS,
491 1201 541 1280 qui
563 1199 640 1260 illius
662 1199 865 1260 auctoritatem
891 1215 951 1258 non
975 1205 1124 1276 agnosset,
1152 1215 1239 1257 usum
1267 1216 1331 1258 esse
1358 1198 1525 1260 statuimus.

358 1305 455 1383 itaque
483 1297 561 1387 Arbis
587 1310 690 1362 auctor
715 1302 778 1381 ipse
806 1301 1019 1379 Hermogenem
1048 1307 1221 1380 aspernatus
1252 1309 1283 1360 et
1315 1319 1457 1381 respuens
1490 1303 1525 1363 ad

358 1408 457 1468 Artem
482 1404 714 1484 componendam
738 1406 816 1466 solos
837 1405 969 1465 rhetores
992 1403 1041 1464 illo
1064 1412 1156 1464 aetate
1187 1403 1353 1482 superiores
1380 1413 1410 1465 et
1432 1423 1524 1466 unum

358 1509 399 1570 illi
421 1511 605 1570 adversatum
628 1507 796 1568 adhibuisse
818 1507 968 1587 putandus
994 1515 1048 1567 est.
1070 1549 1072 1553 -

442 1610 619 1672 Finohhius²
649 1620 678 1671 et
707 1609 869 1689 Kayserus³
898 1619 1047 1671 auctorem
1077 1609 1166 1670 hbelb
1192 1628 1279 1689 quem
1307 1610 1422 1672 edimus
1449 1611 1526 1673 inter

358 1714 550 1794 Hermogenis
573 1722 821 1775 commentatores
843 1712 934 1774 luisse
956 1713 1122 1774 voluerunt.
1171 1713 1222 1792 qui
1247 1721 1281 1774 ut
1302 1713 1342 1774 ita
1364 1713 1527 1776 iudicarent

359 1818 498 1880 commoti
525 1826 595 1879 sunt
621 1817 773 1898 Epitomes
800 1816 864 1878 loco
894 1815 975 1886 331,
1001 1813 1059 1899 τὴν
1091 1813 1128 1877 δὲ
1156 1813 1264 1898 μάχην
1291 1813 1326 1880 ἕν
1352 1825 1422 1890 τοῖς
1449 1817 1526 1900 περὶ

359 1917 512 2003 εὑρέσεως
535 1917 713 2000 σχολικοϊς,
737 1918 773 1983 ἐν
788 1917 838 1992 οἷς
853 1917 931 2002 περὶ
947 1915 1214 2004 ἐπιχειρημάτων
1228 1911 1390 2002 ἐλέγομεν,
1414 1917 1527 1982 ἐδιδά-

360 2023 461 2108 ξαμεν
482 2036 511 2086 et
533 2027 656 2085 fortasse
678 2024 734 2086 alio
755 2025 819 2086 loco
842 2024 923 2094 491⁷
946 2022 1024 2104 περὶ
1047 2017 1084 2086 δὲ
1109 2022 1165 2106 τῆς
1192 2019 1373 2105 διηγήσεως
1399 2025 1526 2106 εἴρηται

357 2126 392 2190 ἐν
413 2129 458 2212 τῷ
481 2125 558 2209 περὶ
581 2123 737 2209 εὑρέσεως
759 2125 898 2209 δευτέρῳ
914 2124 1017 2210 τόμῳ·
1040 2125 1180 2207 proximis
1203 2127 1299 2187 verbis
1318 2145 1378 2187 non
1394 2126 1525 2188 SchoHca

357 2232 418 2304 illa,
447 2231 496 2291 sed
524 2239 636 2310 partem
660 2230 738 2291 Artis
764 2230 858 2311 ipsius
885 2229 1043 2308 significari
1068 2229 1162 2290 firmis
1184 2228 1366 2308 argumentis
1388 2247 1526 2310 compro-

358 2333 483 2404 babitur,
506 2353 602 2413 neque
624 2334 720 2414 priora
744 2334 829 2394 rerba
852 2334 889 2394 ad
911 2332 1113 2394 commentarii
1136 2331 1327 2410 Hermogenis
1350 2333 1385 2392 de
1400 2333 1465 2392 Jnv.
1487 2332 1525 2392 li-

358 2437 478 2497 brorum
503 2446 599 2516 caput,
623 2457 681 2517 quo
698 2437 889 2516 Hermogenis
905 2437 940 2498 de
956 2436 1163 2517 epichiremate
1178 2443 1329 2514 praecepta
1345 2435 1397 2515 (Sp
1409 2435 1435 2496 ll
1450 2435 1525 2515 212)

358 2541 589 2620 explicabantur,
618 2540 705 2602 iustis
732 2541 768 2601 de
795 2541 890 2600 causis
916 2544 1095 2601 referuntur.
1145 2557 1216 2600 num
1240 2537 1314 2599 liber
1343 2538 1393 2618 qui
1421 2538 1527 2600 citatur

358 2644 466 2705 scholia
497 2643 687 2722 Hermogenis
715 2645 750 2704 de
777 2644 841 2704 Jnv.
869 2642 1012 2704 librorum
1040 2643 1190 2704 continere
1212 2641 1306 2722 planis
1328 2653 1358 2703 et
1380 2643 1524 2724 expressis

357 2748 452 2808 verbis
484 2743 613 2808 dicitur?
640 2743 736 2826 quid?
767 2745 853 2807 verba
880 2745 958 2828 περὶ
985 2740 1140 2828 εὑρέσεως
1170 2743 1307 2824 σχολικά
1335 2763 1432 2806 nonne
1459 2757 1525 2826 apta

358 2860 437 2923 sunt,
465 2861 498 2911 ut
526 2850 600 2910 libro
623 2850 828 2921 inscribantur,
856 2850 907 2930 qui
929 2849 977 2910 alii
1005 2851 1081 2912 libro
1104 2847 1288 2930 explicationi
1314 2865 1374 2906 non
1397 2845 1456 2909 sit?
1479 2849 1524 2909 sin

357 2963 454 3015 autem
485 2953 540 3014 sub
566 2953 662 3014 verbis
689 2961 760 3025 τοῖς
787 2951 864 3035 περὶ
891 2949 1047 3034 εὑρέσεως
1073 2952 1240 3032 exoriente
1262 2951 1371 3012 scholia
1398 2951 1428 3012 iu
1452 2950 1524 3012 Her·

359 3057 489 3135 mogenis
516 3057 551 3116 de
580 3056 641 3115 lnv.
669 3055 760 3116 libros
786 3056 954 3134 intellegere
980 3056 1082 3129 mavis,
1106 3055 1177 3116 haec
1202 3054 1229 3115 ei
1251 3054 1423 3115 vindicanda
1446 3063 1524 3127 sunt,

357 3160 407 3238 qui
423 3161 522 3219 Artem
545 3159 575 3218 in
598 3158 746 3237 epitomen
770 3159 889 3238 redegit.
928 3179 1016 3238 quem
1039 3158 1250 3238 expositionem
1273 3176 1389 3238 pugnae
1404 3177 1439 3218 ex
1454 3159 1524 3218 Arte

357 3263 512 3342 aliquando
535 3262 564 3321 in
589 3281 671 3323 suam
693 3262 884 3342 Hermogenis
907 3262 1177 3344 interpretationem
1202 3261 1437 3342 transscripsisse
1461 3271 1523 3322 tum

357 3366 478 3427 eandem
503 3366 602 3425 Artem
626 3365 656 3425 in
680 3365 885 3446 compendium
909 3366 1089 3446 redigentem
1113 3365 1198 3425 verba
1220 3363 1279 3446 τὴν
1301 3363 1338 3427 δὲ
1360 3362 1524 3447 μάχην-

357 3464 556 3546 ἐδιδάξαμεν
577 3468 738 3529 inseruisse
760 3469 896 3529 credibile
911 3479 964 3530 est.
1009 3477 1039 3530 at
1058 3477 1318 3529 commentatorem
1335 3467 1525 3546 Hermogenis

357 3575 455 3654 ipsum
484 3571 546 3632 eius
577 3571 655 3631 modi
681 3580 774 3632 artem
804 3571 1024 3651 conscripsisse,
1052 3570 1082 3630 in
1109 3590 1197 3651 quam
1224 3571 1348 3651 plurima
1372 3580 1525 3651 praecepta

358 3676 520 3748 rhetorum,
543 3693 617 3752 quos
643 3673 691 3734 illc
722 3675 810 3753 gloria
839 3676 931 3736 multo
954 3674 1118 3754 superabat,
1146 3675 1293 3754 congeret
1319 3693 1414 3766 neque
1440 3675 1523 3754 quic-

358 3795 445 3855 quam
473 3796 509 3836 ex
535 3777 727 3856 Hermogenis
758 3777 875 3857 scriptis
902 3778 1053 3858 reciperet,
1081 3777 1175 3838 allde
1197 3778 1345 3839 abhorret.
1399 3796 1455 3856 qua
1489 3778 1525 3837 de

358 3898 445 3941 causa
468 3879 627 3940 tenendum
651 3888 696 3940 est
718 3880 796 3941 Artis
819 3889 965 3942 auctorem
989 3881 1066 3942 inter
1081 3880 1181 3942 exiens
1196 3881 1344 3942 saeculum
1361 3880 1522 3942 secundum

427 4148 437 4181 1
456 4150 595 4214 Antequam
606 4148 828 4213 Harpocrationem
840 4147 912 4198 Artis
924 4154 951 4197 et
959 4148 1125 4213 Hermogenis
1138 4149 1311 4200 adversarium
1324 4164 1398 4198 unum
1409 4149 1525 4199 eundem-

358 4233 406 4283 que
434 4233 490 4266 esse
517 4217 700 4279 intelleximus,
728 4217 778 4282 ipsi
798 4215 996 4266 Wilemowitzio
1023 4225 1127 4268 auctore
1149 4219 1238 4268 Artem
1262 4225 1321 4266 ante
1344 4217 1524 4279 Hermogenem

360 4287 480 4402 scrippnpn
500 4301 556 4403 gese
574 4286 745 4402 credebtamps.
780 4284 846 4404 {dem
864 4285 994 4335 contendit
1011 4285 1137 4336 Christius
1158 4283 1254 4336 Greacb.
1272 4284 1379 4335 Litter.¹
1397 4302 1419 4351 p.
1432 4285 1489 4334 627.

468 4372 481 4402 n
522 4367 687 4415 nogrommae
718 4370 765 4419 .p.
797 4391 801 4401 .

428 4422 439 4454 ³
455 4422 558 4472 aaaron.
570 4424 598 4487 s:
618 4422 686 4472 Ριιι.
701 4421 774 4472 txx
794 4421 859 4473 1854
877 4438 900 4487 p.
915 4421 971 4471 aea.
