3536 5208
829 365 1073 430 -LVI—

415 549 444 620 (ξ
461 543 514 622 52)
529 537 627 606 (ἀλλὰ
643 537 817 623 πορεύεται
834 540 892 604 διὰ
907 541 962 624 τῆς
978 536 1102 626 ἀγορᾶς
1118 535 1224 625 ὥςπερ
1245 538 1312 621 ἔχις
1327 537 1346 624 ἢ
1363 545 1532 624 σκορπίος,

417 643 454 708 τὸ
476 648 607 730 κέντρον
630 639 746 728 ἧρκώς,
770 641 874 722 ᾄττων
895 644 991 727 δεῦρο
1014 639 1167 707 κάκεῖσε.

373 750 536 812 Cornutum
570 750 648 812 euim
683 749 813 810 secundo
847 749 919 824 loco,
953 768 1011 828 quo
1045 749 1080 810 de
1115 748 1230 828 energia
1263 757 1361 828 ageret
1382 749 1442 826 Ε)
1465 751 1533 824 111,

374 855 399 915 ei
422 853 589 934 exemplum
612 852 793 934 adposuisse,
816 853 913 932 priore
935 853 998 914 loco
1020 851 1133 928 E§96
1155 853 1387 932 praetermisisse
1409 871 1535 915 consen-

373 966 491 1018 taneum
519 975 579 1017 non
606 964 666 1030 est,
694 958 743 1018 sed
772 957 994 1037 epitomatorem
1024 955 1072 1017 hic
1094 956 1260 1035 exemplum
1283 956 1443 1018 resecuisse
1465 975 1535 1037 pro-

371 1059 496 1120 babilius
519 1068 571 1120 cst.
615 1060 740 1121 eundem
764 1059 886 1122 Cornuti
908 1059 943 1120 de
966 1059 1082 1138 energia
1103 1059 1190 1120 verba
1213 1059 1247 1120 de
1271 1078 1323 1120 sua
1345 1061 1413 1121 sede
1434 1079 1534 1121 remo-

372 1161 449 1223 visse
476 1161 649 1224 couicimus.
695 1182 730 1223 ex
757 1181 791 1223 eo
817 1162 912 1237 enim,
941 1162 1021 1242 quod
1043 1161 1171 1240 energia,
1206 1181 1280 1242 quae
1313 1182 1329 1224 a
1359 1162 1533 1242 quibusdam

373 1265 404 1325 in
427 1283 551 1326 numero
574 1265 751 1328 narrationis
766 1265 909 1327 virtutum
933 1265 1050 1327 ducitur
1071 1264 1120 1343 (ol.
1134 1263 1234 1338 Quint.
1251 1265 1287 1326 IV
1303 1265 1383 1342 20³),
1405 1265 1534 1327 necessi-

374 1370 507 1433 tudinem
531 1371 677 1450 quandam
700 1387 767 1430 cum
783 1367 963 1431 iucunditate
979 1379 1009 1430 et
1023 1369 1236 1447 magnificentia
1251 1368 1348 1447 habet,
1372 1367 1534 1431 Cornutum

372 1483 524 1555 praecepta
557 1474 591 1544 de
623 1471 739 1551 energia
772 1472 808 1532 de
835 1471 1015 1534 iucunditate
1043 1471 1078 1532 de
1108 1471 1322 1550 magnificentia
1349 1472 1428 1546 data,
1461 1491 1535 1551 quae

373 1577 449 1658 apud
472 1575 686 1650 Quintilianum
701 1574 738 1634 lV
754 1577 772 1636 2
787 1609 826 1649 110
842 1593 904 1654 sqq.
927 1575 1025 1656 ipsum
1048 1594 1164 1654 quoque
1186 1561 1340 1637 coniuncta
1364 1584 1446 1648 sunt,
1476 1594 1536 1640 non

374 1698 523 1760 separasse
551 1679 764 1742 concludimus.
814 1679 885 1741 ordo
914 1677 1004 1758 igitur
1031 1677 1229 1740 credibilitatis
1256 1687 1479 1760 praeceptorum
1505 1678 1536 1740 in

376 1781 498 1844 Cornuti
524 1783 593 1844 Arte
619 1783 667 1844 hic
695 1783 786 1845 luisse
813 1784 936 1844 videtur.
980 1781 1110 1862 primum
1137 1791 1276 1860 quattuor
1302 1781 1395 1854 modi,
1430 1780 1536 1860 quibus

373 1885 471 1948 omnia
492 1886 568 1946 veris
590 1885 785 1950 assimulanda
808 1894 920 1960 essent,
949 1884 1169 1965 exponebantur
1191 1885 1227 1965 (E
1242 1888 1280 1959 ξς
1297 1884 1448 1960 90-93),
1472 1893 1534 1946 tum

373 1996 513 2068 quattuor
523 1989 594 2050 aliae
609 2008 657 2050 res
673 1990 894 2052 credibilitatem
911 1989 1069 2050 efficientes
1085 1997 1272 2050 enumeratae
1287 1997 1358 2050 sunt
1381 1987 1416 2064 (Ε
1431 1991 1468 2062 ἓξ
1485 1986 1536 2059 94,

375 2091 425 2165 95,
450 2091 499 2164 97,
524 2090 591 2171 98),
615 2089 745 2172 'denique
771 2093 905 2173 energiae
935 2092 1126 2154 iucunditatis
1157 2091 1398 2172 magnificientiae
1426 2091 1537 2152 mentio

373 2195 448 2254 facta
471 2201 515 2254 est
537 2195 572 2272 (E
588 2197 625 2270 §Q
642 2195 696 2269 96,
720 2197 774 2270 99,
802 2196 880 2273 100).
926 2195 956 2256 in
979 2195 1102 2256 Cornuti
1123 2196 1192 2256 Arte
1215 2194 1377 2276 praeceptis
1400 2193 1536 2255 iucundi-

373 2296 441 2358 tatis
470 2305 500 2358 et
527 2297 757 2376 magnificentiae
785 2299 926 2379 quaedam
955 2298 1041 2359 verba
1063 2300 1223 2378 praemissa
1246 2318 1323 2373 esse,
1355 2297 1461 2378 quibus
1484 2298 1538 2358 hae

374 2399 500 2461 multum
522 2399 557 2461 ad
574 2400 796 2464 credibilitatem
812 2403 945 2464 conferre
961 2401 1137 2474 dicerentur,
1159 2421 1246 2483 supra
1263 2401 1537 2463 demonstravimus.

373 2512 474 2565 utrum
509 2503 570 2564 sola
603 2503 690 2565 verba
720 2514 870 2585 συνεργεῖ
903 2502 940 2567 dd
973 2502 1057 2589 πρὸς
1091 2502 1204 2566 πειθώ
1238 2503 1293 2566 καὶ
1319 2500 1342 2588 ἡ
1368 2499 1469 2588 ἡδονή
1494 2539 1537 2548 -

374 2615 524 2687 συνεργεῖ
545 2603 583 2668 δὲ
604 2604 689 2689 πρὸς
711 2605 827 2668 πειθώ
850 2606 905 2669 καὶ
921 2603 941 2691 ἦ
956 2605 1239 2690 μεγαλοπρέπεια,
1263 2629 1337 2689 quae
1351 2607 1435 2670 initio
1450 2627 1535 2688 prae-

374 2709 452 2790 cepti
482 2709 517 2771 de
544 2709 660 2788 energia
682 2710 741 2772 dati
764 2711 958 2791 respondent,
988 2730 1024 2772 an
1051 2711 1191 2792 longiora,
1222 2714 1317 2792 qualia
1340 2711 1536 2786 Quintilianus

373 2813 411 2874 lv
428 2811 506 2891 3119,
527 2844 566 2884 ms
588 2813 715 2888 exhibet,
738 2813 768 2874 in
793 2814 915 2876 Cornuti
938 2817 1006 2876 Arte
1028 2815 1180 2877 extiterint
1200 2816 1346 2878 incertum
1368 2823 1422 2876 est.

460 2914 615 2997 Praecepta
646 2916 680 2978 de
706 2918 882 2980 narrationis
910 2917 1067 2980 virtutibus
1094 2920 1158 2982 data
1185 2921 1216 2981 in
1238 2919 1371 3000 Epitoma
1394 2917 1538 2980 finiuntur

375 3017 515 3099 particula
532 3022 569 3094 ξς
586 3019 761 3094 101-101,
784 3041 841 3100 qua
856 3021 926 3100 quid
950 3022 1056 3101 singuli
1078 3024 1210 3084 rhetores
1233 3024 1268 3084 de
1290 3041 1414 3084 numero
1434 3040 1537 3082 narra-

376 3121 465 3184 tionis
487 3122 629 3184 virtutum
658 3123 811 3186 docuerint
833 3125 996 3205 exponitur.
1041 3133 1070 3188 et
1090 3125 1200 3188 Nicolai
1222 3126 1303 3186 locus
1326 3127 1366 3206 Sp
1381 3126 1421 3187 lll
1436 3125 1496 3185 457
1513 3155 1539 3193 25

375 3224 753 3301 -458,=w115831‚
776 3227 811 3288 ad
834 3246 921 3306 quem
945 3228 1187 3290 conscribendum
1215 3228 1338 3291 Cornuti
1353 3228 1431 3290 Artis
1451 3227 1538 3288 verba

377 3327 505 3389 adhibita
535 3337 620 3403 sunt,
650 3337 680 3390 et
706 3329 793 3390 verba
815 3329 988 3402 Quintiliani
1007 3331 1043 3391 1v
1059 3331 1078 3390 2
1093 3361 1125 3408 ις,
1140 3363 1173 3408 ⁶1,
1186 3362 1226 3406 ιι,
1254 3350 1340 3412 quem
1368 3331 1413 3392 vel
1434 3330 1539 3392 Neoole

378 3431 423 3492 vel
450 3430 513 3491 eius
540 3440 659 3493 auctore
681 3452 769 3494 usum
793 3452 855 3494 esse
878 3433 1081 3513 cognovimus,
1110 3452 1177 3495 cum
1200 3435 1254 3496 hac
1275 3434 1426 3515 Epitomes
1448 3433 1539 3516 parti-

378 3533 443 3594 cula
465 3535 642 3596 conferenda
665 3545 743 3598 sunt.
782 3556 840 3616 qua
862 3554 895 3598 re
918 3537 1139 3618 epitomatorem
1163 3537 1276 3598 Neoclis
1298 3538 1385 3600 verba
1407 3538 1437 3598 in
1460 3539 1539 3599 hunc

379 3634 501 3698 Cornuti
523 3636 601 3698 Artis
623 3637 719 3700 locum
752 3640 941 3721 transscripta
963 3639 1130 3701 foedissime
1153 3641 1320 3703 confudisse
1343 3641 1413 3703 satis
1436 3642 1537 3715 clucet,

378 3747 408 3802 at
429 3757 532 3800 eorum
554 3740 702 3803 restitutio
724 3742 860 3824 temptari
882 3762 941 3804 non
963 3750 1069 3823 potest.

463 3841 578 3904 Pariter
593 3843 805 3925 desperandum
822 3854 867 3908 est
882 3847 987 3908 damna
1002 3847 1151 3926 proximae
1163 3845 1311 3928 Epitomes
1326 3845 1416 3926 partis
1432 3849 1468 3922 §Q
1482 3847 1540 3908 195

380 3945 495 4020 -111,
522 3965 580 4026 qua
609 3948 686 4029 tropi
713 3948 888 4010 narrationis
917 3957 1092 4024 tractantur,
1121 3967 1261 4029 umquam
1292 3949 1420 4030 suppleri
1446 3969 1541 4030 posse.

380 4048 487 4109 etenim
516 4067 589 4128 quae
615 4052 646 4114 iu
669 4054 791 4116 Cornuti
814 4052 882 4112 Arte
909 4051 944 4112 de
970 4051 1079 4132 tropis,
1109 4053 1160 4132 qui
1189 4047 1336 4136 εὐφημία
1363 4061 1393 4115 et
1419 4051 1477 4115 ἐπὶ
1504 4050 1540 4116 cd

381 4160 491 4234 χεῖρον
513 4149 635 4235 φράσις
657 4152 894 4228 nominabantur,
917 4154 993 4216 dicta
1015 4164 1106 4229 erant,
1129 4165 1158 4217 et
1176 4157 1316 4218 nonnulla
1331 4157 1541 4237 exemplorum,

384 4272 458 4332 quae
488 4255 564 4335 apud
586 4253 749 4315 Cornutum
778 4256 849 4316 nulli
876 4265 1028 4337 troporum
1058 4257 1184 4320 doluisse
1210 4259 1359 4333 videntur,
1388 4259 1424 4320 ab
1446 4259 1542 4339 epito-

384 4363 495 4416 matore
517 4356 624 4417 omissa
647 4368 725 4417 sunt.
