<?xml version="1.0" encoding="UTF-8"?>
<!DOCTYPE html PUBLIC "-//W3C//DTD XHTML 1.0 Transitional//EN"
    "http://www.w3.org/TR/xhtml1/DTD/xhtml1-transitional.dtd">
<html xmlns="http://www.w3.org/1999/xhtml" xml:lang="en" lang="en">
 <head>
  <title>
</title>
<meta http-equiv="Content-Type" content="text/html;charset=utf-8" />
  <meta name='ocr-system' content='tesseract 3.04.00' />
  <meta name='ocr-capabilities' content='ocr_page ocr_carea ocr_par ocr_line ocrx_word'/>
</head>
<body>
  <div class='ocr_page' id='page_1' title='image "./cornutiartisrhe00corngoog_0042.png"; bbox 0 0 3536 5208; ppageno 0'>
   <div class='ocr_carea' id='block_1_1' title="bbox 662 405 943 470">
    <p class='ocr_par' dir='ltr' id='par_1_1' title="bbox 662 405 943 470">
     <span class='ocr_line' id='line_1_1' title="bbox 662 405 943 470; baseline 0.011 -2"><span class='ocrx_word' id='word_1_1' title='bbox 662 405 854 470; x_wconf 88' lang='lat' dir='ltr'>—XXXI</span> <span class='ocrx_word' id='word_1_2' title='bbox 902 438 943 454; x_wconf 78' lang='lat'>-</span> 
     </span>
    </p>
   </div>
   <div class='ocr_carea' id='block_1_2' title="bbox 217 576 1414 4482">
    <p class='ocr_par' dir='ltr' id='par_1_2' title="bbox 219 576 1387 763">
     <span class='ocr_line' id='line_1_2' title="bbox 219 576 1387 665; baseline 0.008 -27"><span class='ocrx_word' id='word_1_3' title='bbox 219 579 285 659; x_wconf 91' lang='lat' dir='ltr'>ipso</span> <span class='ocrx_word' id='word_1_4' title='bbox 306 578 480 660; x_wconf 80' lang='lat' dir='ltr'>acciperent,</span> <span class='ocrx_word' id='word_1_5' title='bbox 503 576 599 657; x_wconf 80' lang='grc' dir='ltr'><strong><em>λόγος</em></strong></span> <span class='ocrx_word' id='word_1_6' title='bbox 619 581 763 645; x_wconf 93' lang='lat' dir='ltr'>insertum</span> <span class='ocrx_word' id='word_1_7' title='bbox 787 585 926 665; x_wconf 91' lang='lat' dir='ltr'>priusque</span> <span class='ocrx_word' id='word_1_8' title='bbox 945 584 1128 664; x_wconf 80' lang='lat' dir='ltr'>participium</span> <span class='ocrx_word' id='word_1_9' title='bbox 1147 585 1387 648; x_wconf 79' lang='lat' dir='ltr'>transformatum</span> 
     </span>
     <span class='ocr_line' id='line_1_3' title="bbox 220 683 563 763; baseline 0.003 -20"><span class='ocrx_word' id='word_1_10' title='bbox 220 701 285 743; x_wconf 86' lang='lat' dir='ltr'>esse</span> <span class='ocrx_word' id='word_1_11' title='bbox 306 683 486 763; x_wconf 81' lang='lat' dir='ltr'>probabilius</span> <span class='ocrx_word' id='word_1_12' title='bbox 508 689 563 744; x_wconf 88' lang='lat' dir='ltr'>est.</span> 
     </span>
    </p>

    <p class='ocr_par' dir='ltr' id='par_1_3' title="bbox 217 785 1414 3738">
     <span class='ocr_line' id='line_1_4' title="bbox 305 785 1389 866; baseline 0.006 -20"><span class='ocrx_word' id='word_1_13' title='bbox 305 785 436 847; x_wconf 75' lang='lat' dir='ltr'>Dubitari</span> <span class='ocrx_word' id='word_1_14' title='bbox 457 794 564 866; x_wconf 91' lang='lat' dir='ltr'>potest,</span> <span class='ocrx_word' id='word_1_15' title='bbox 595 795 695 848; x_wconf 91' lang='lat' dir='ltr'>utrum</span> <span class='ocrx_word' id='word_1_16' title='bbox 719 789 805 850; x_wconf 89' lang='lat' dir='ltr'>verba</span> <span class='ocrx_word' id='word_1_17' title='bbox 828 789 960 862; x_wconf 85' lang='lat' dir='ltr'>Cornuti,</span> <span class='ocrx_word' id='word_1_18' title='bbox 990 789 1074 850; x_wconf 92' lang='lat' dir='ltr'>cuius</span> <span class='ocrx_word' id='word_1_19' title='bbox 1097 807 1206 851; x_wconf 93' lang='lat' dir='ltr'>nomen</span> <span class='ocrx_word' id='word_1_20' title='bbox 1229 793 1337 852; x_wconf 89' lang='lat' dir='ltr'>lrustra</span> <span class='ocrx_word' id='word_1_21' title='bbox 1359 792 1389 852; x_wconf 93' lang='lat' dir='ltr'>in</span> 
     </span>
     <span class='ocr_line' id='line_1_5' title="bbox 220 886 1389 969; baseline 0.007 -21"><span class='ocrx_word' id='word_1_22' title='bbox 220 887 353 969; x_wconf 87' lang='lat' dir='ltr'>Epitoma</span> <span class='ocrx_word' id='word_1_23' title='bbox 376 909 507 968; x_wconf 85' lang='lat' dir='ltr'>quaeras,</span> <span class='ocrx_word' id='word_1_24' title='bbox 534 898 563 951; x_wconf 92' lang='lat' dir='ltr'>et</span> <span class='ocrx_word' id='word_1_25' title='bbox 584 889 659 951; x_wconf 92' lang='lat' dir='ltr'>alius</span> <span class='ocrx_word' id='word_1_26' title='bbox 683 886 786 952; x_wconf 79' lang='grc' dir='ltr'><strong><em>κώλου</em></strong></span> <span class='ocrx_word' id='word_1_27' title='bbox 809 892 876 953; x_wconf 87' lang='lat' dir='ltr'>linis</span> <span class='ocrx_word' id='word_1_28' title='bbox 898 892 940 953; x_wconf 94' lang='lat' dir='ltr'>eis</span> <span class='ocrx_word' id='word_1_29' title='bbox 964 891 986 951; x_wconf 83' lang='lat' dir='ltr'><strong>E</strong></span> <span class='ocrx_word' id='word_1_30' title='bbox 1009 889 1090 962; x_wconf 63' lang='lat'>481,</span> <span class='ocrx_word' id='word_1_31' title='bbox 1113 893 1244 954; x_wconf 90' lang='lat' dir='ltr'>inclusus</span> <span class='ocrx_word' id='word_1_32' title='bbox 1267 895 1297 955; x_wconf 97' lang='lat' dir='ltr'>in</span> <span class='ocrx_word' id='word_1_33' title='bbox 1320 896 1389 956; x_wconf 80' lang='lat' dir='ltr'>Arte</span> 
     </span>
     <span class='ocr_line' id='line_1_6' title="bbox 221 991 1390 1076; baseline 0.006 -24"><span class='ocrx_word' id='word_1_34' title='bbox 221 991 341 1066; x_wconf 84' lang='lat' dir='ltr'>fuerint,</span> <span class='ocrx_word' id='word_1_35' title='bbox 364 1011 400 1054; x_wconf 93' lang='lat' dir='ltr'>an</span> <span class='ocrx_word' id='word_1_36' title='bbox 423 993 459 1054; x_wconf 92' lang='lat' dir='ltr'>ab</span> <span class='ocrx_word' id='word_1_37' title='bbox 482 1013 525 1067; x_wconf 91' lang='lat' dir='ltr'>eo,</span> <span class='ocrx_word' id='word_1_38' title='bbox 549 992 599 1073; x_wconf 95' lang='lat' dir='ltr'>qui</span> <span class='ocrx_word' id='word_1_39' title='bbox 614 995 713 1055; x_wconf 78' lang='lat' dir='ltr'>Artem</span> <span class='ocrx_word' id='word_1_40' title='bbox 734 993 764 1054; x_wconf 92' lang='lat' dir='ltr'>in</span> <span class='ocrx_word' id='word_1_41' title='bbox 785 994 932 1074; x_wconf 84' lang='lat' dir='ltr'>epitomen</span> <span class='ocrx_word' id='word_1_42' title='bbox 949 994 1069 1074; x_wconf 83' lang='lat' dir='ltr'>redegit,</span> <span class='ocrx_word' id='word_1_43' title='bbox 1091 995 1272 1058; x_wconf 85' lang='lat' dir='ltr'>additasint.</span> <span class='ocrx_word' id='word_1_44' title='bbox 1316 1017 1390 1076; x_wconf 91' lang='lat' dir='ltr'>quae</span> 
     </span>
     <span class='ocr_line' id='line_1_7' title="bbox 219 1095 1390 1178; baseline 0.003 -22"><span class='ocrx_word' id='word_1_45' title='bbox 219 1114 345 1163; x_wconf 86' lang='lat' dir='ltr'>comeo</span> <span class='ocrx_word' id='word_1_46' title='bbox 368 1095 516 1176; x_wconf 86' lang='lat' dir='ltr'>Epitomes</span> <span class='ocrx_word' id='word_1_47' title='bbox 538 1095 612 1172; x_wconf 90' lang='lat' dir='ltr'>loco,</span> <span class='ocrx_word' id='word_1_48' title='bbox 634 1116 721 1175; x_wconf 89' lang='lat' dir='ltr'>quem</span> <span class='ocrx_word' id='word_1_49' title='bbox 746 1097 888 1172; x_wconf 85' lang='lat' dir='ltr'>obtinent,</span> <span class='ocrx_word' id='word_1_50' title='bbox 914 1098 1011 1159; x_wconf 92' lang='lat' dir='ltr'>minus</span> <span class='ocrx_word' id='word_1_51' title='bbox 1033 1108 1099 1178; x_wconf 90' lang='lat' dir='ltr'>apta</span> <span class='ocrx_word' id='word_1_52' title='bbox 1124 1099 1283 1172; x_wconf 86' lang='lat' dir='ltr'>videantur,</span> <span class='ocrx_word' id='word_1_53' title='bbox 1307 1100 1390 1161; x_wconf 81' lang='lat' dir='ltr'>facile</span> 
     </span>
     <span class='ocr_line' id='line_1_8' title="bbox 220 1199 1388 1280; baseline 0.003 -20"><span class='ocrx_word' id='word_1_54' title='bbox 220 1217 273 1278; x_wconf 88' lang='lat' dir='ltr'>pro</span> <span class='ocrx_word' id='word_1_55' title='bbox 296 1199 495 1260; x_wconf 90' lang='lat' dir='ltr'>additamento</span> <span class='ocrx_word' id='word_1_56' title='bbox 517 1199 719 1280; x_wconf 90' lang='lat' dir='ltr'>epitomatoris</span> <span class='ocrx_word' id='word_1_57' title='bbox 742 1200 842 1262; x_wconf 91' lang='lat' dir='ltr'>baberi</span> <span class='ocrx_word' id='word_1_58' title='bbox 856 1209 992 1280; x_wconf 89' lang='lat' dir='ltr'>possunt.</span> <span class='ocrx_word' id='word_1_59' title='bbox 1037 1201 1059 1261; x_wconf 89' lang='lat' dir='ltr'>E</span> <span class='ocrx_word' id='word_1_60' title='bbox 1075 1205 1110 1276; x_wconf 62' lang='grc' dir='ltr'>ξς</span> <span class='ocrx_word' id='word_1_61' title='bbox 1127 1201 1293 1263; x_wconf 76' lang='lat' dir='ltr'>atu-243</span> <span class='ocrx_word' id='word_1_62' title='bbox 1310 1201 1388 1263; x_wconf 90' lang='lat' dir='ltr'>enim</span> 
     </span>
     <span class='ocr_line' id='line_1_9' title="bbox 219 1301 1388 1385; baseline 0.003 -23"><span class='ocrx_word' id='word_1_63' title='bbox 219 1319 310 1381; x_wconf 89' lang='lat' dir='ltr'>pauca</span> <span class='ocrx_word' id='word_1_64' title='bbox 343 1302 379 1363; x_wconf 91' lang='lat' dir='ltr'>de</span> <span class='ocrx_word' id='word_1_65' title='bbox 411 1301 592 1380; x_wconf 86' lang='lat' dir='ltr'>singularum</span> <span class='ocrx_word' id='word_1_66' title='bbox 620 1303 760 1364; x_wconf 87' lang='lat' dir='ltr'>orationis</span> <span class='ocrx_word' id='word_1_67' title='bbox 787 1304 914 1384; x_wconf 89' lang='lat' dir='ltr'>partium</span> <span class='ocrx_word' id='word_1_68' title='bbox 946 1305 1110 1366; x_wconf 89' lang='lat' dir='ltr'>elocutione</span> <span class='ocrx_word' id='word_1_69' title='bbox 1139 1305 1388 1385; x_wconf 89' lang='lat' dir='ltr'>praescribuntur.</span> 
     </span>
     <span class='ocr_line' id='line_1_10' title="bbox 220 1404 1388 1488; baseline 0.004 -23"><span class='ocrx_word' id='word_1_70' title='bbox 220 1404 306 1466; x_wconf 89' lang='lat' dir='ltr'>tertio</span> <span class='ocrx_word' id='word_1_71' title='bbox 338 1414 502 1486; x_wconf 88' lang='lat' dir='ltr'>praecepto,</span> <span class='ocrx_word' id='word_1_72' title='bbox 537 1407 614 1486; x_wconf 90' lang='lat' dir='ltr'>quod</span> <span class='ocrx_word' id='word_1_73' title='bbox 648 1408 684 1468; x_wconf 91' lang='lat' dir='ltr'>de</span> <span class='ocrx_word' id='word_1_74' title='bbox 714 1407 922 1488; x_wconf 86' lang='lat' dir='ltr'>probationum</span> <span class='ocrx_word' id='word_1_75' title='bbox 954 1407 1116 1470; x_wconf 88' lang='lat' dir='ltr'>elocutione</span> <span class='ocrx_word' id='word_1_76' title='bbox 1142 1417 1196 1481; x_wconf 89' lang='lat' dir='ltr'>est,</span> <span class='ocrx_word' id='word_1_77' title='bbox 1229 1408 1276 1468; x_wconf 92' lang='lat' dir='ltr'>illa</span> <span class='ocrx_word' id='word_1_78' title='bbox 1302 1409 1388 1470; x_wconf 89' lang='lat' dir='ltr'>verba</span> 
     </span>
     <span class='ocr_line' id='line_1_11' title="bbox 218 1506 1388 1593; baseline 0.003 -25"><span class='ocrx_word' id='word_1_79' title='bbox 218 1507 424 1583; x_wconf 89' lang='lat' dir='ltr'>adnectuntur,</span> <span class='ocrx_word' id='word_1_80' title='bbox 457 1508 524 1588; x_wconf 93' lang='lat' dir='ltr'>quia</span> <span class='ocrx_word' id='word_1_81' title='bbox 557 1509 587 1570; x_wconf 93' lang='lat' dir='ltr'>in</span> <span class='ocrx_word' id='word_1_82' title='bbox 617 1528 652 1570; x_wconf 88' lang='lat' dir='ltr'>co</span> <span class='ocrx_word' id='word_1_83' title='bbox 681 1511 802 1572; x_wconf 90' lang='lat' dir='ltr'>termini</span> <span class='ocrx_word' id='word_1_84' title='bbox 829 1508 934 1573; x_wconf 79' lang='grc' dir='ltr'><em>κώλου</em></span> <span class='ocrx_word' id='word_1_85' title='bbox 960 1519 990 1572; x_wconf 90' lang='lat' dir='ltr'>et</span> <span class='ocrx_word' id='word_1_86' title='bbox 1019 1506 1177 1593; x_wconf 81' lang='grc' dir='ltr'><strong><em>περιόδου</em></strong></span> <span class='ocrx_word' id='word_1_87' title='bbox 1204 1511 1388 1573; x_wconf 89' lang='lat' dir='ltr'>adhibentur.</span> 
     </span>
     <span class='ocr_line' id='line_1_12' title="bbox 218 1612 1389 1696; baseline 0.004 -24"><span class='ocrx_word' id='word_1_88' title='bbox 218 1631 337 1673; x_wconf 90' lang='lat' dir='ltr'>summo</span> <span class='ocrx_word' id='word_1_89' title='bbox 358 1612 422 1674; x_wconf 90' lang='lat' dir='ltr'>iure</span> <span class='ocrx_word' id='word_1_90' title='bbox 444 1613 475 1673; x_wconf 93' lang='lat' dir='ltr'>in</span> <span class='ocrx_word' id='word_1_91' title='bbox 498 1632 532 1673; x_wconf 93' lang='lat' dir='ltr'>eo</span> <span class='ocrx_word' id='word_1_92' title='bbox 555 1613 694 1687; x_wconf 86' lang='lat' dir='ltr'>offendas,</span> <span class='ocrx_word' id='word_1_93' title='bbox 718 1616 796 1693; x_wconf 92' lang='lat' dir='ltr'>quod</span> <span class='ocrx_word' id='word_1_94' title='bbox 819 1614 897 1676; x_wconf 86' lang='lat' dir='ltr'>inter</span> <span class='ocrx_word' id='word_1_95' title='bbox 919 1613 1090 1676; x_wconf 85' lang='lat' dir='ltr'>brevissima</span> <span class='ocrx_word' id='word_1_96' title='bbox 1112 1613 1284 1676; x_wconf 90' lang='lat' dir='ltr'>elocutionis</span> <span class='ocrx_word' id='word_1_97' title='bbox 1304 1635 1389 1696; x_wconf 90' lang='lat' dir='ltr'>prae-</span> 
     </span>
     <span class='ocr_line' id='line_1_13' title="bbox 217 1716 1389 1797; baseline 0.004 -22"><span class='ocrx_word' id='word_1_98' title='bbox 217 1724 301 1795; x_wconf 89' lang='lat' dir='ltr'>cepta</span> <span class='ocrx_word' id='word_1_99' title='bbox 328 1716 475 1796; x_wconf 83' lang='lat' dir='ltr'>longiores</span> <span class='ocrx_word' id='word_1_100' title='bbox 503 1716 708 1795; x_wconf 83' lang='lat' dir='ltr'>explicationes</span> <span class='ocrx_word' id='word_1_101' title='bbox 738 1718 844 1778; x_wconf 91' lang='lat' dir='ltr'>horum</span> <span class='ocrx_word' id='word_1_102' title='bbox 875 1717 1069 1778; x_wconf 92' lang='lat' dir='ltr'>terminorum</span> <span class='ocrx_word' id='word_1_103' title='bbox 1097 1718 1209 1797; x_wconf 90' lang='lat' dir='ltr'>positae</span> <span class='ocrx_word' id='word_1_104' title='bbox 1237 1728 1314 1780; x_wconf 92' lang='lat' dir='ltr'>sunt.</span> <span class='ocrx_word' id='word_1_105' title='bbox 1359 1729 1389 1780; x_wconf 88' lang='lat' dir='ltr'>at</span> 
     </span>
     <span class='ocr_line' id='line_1_14' title="bbox 217 1818 1387 1902; baseline 0.004 -24"><span class='ocrx_word' id='word_1_106' title='bbox 217 1818 266 1879; x_wconf 90' lang='lat' dir='ltr'>illa</span> <span class='ocrx_word' id='word_1_107' title='bbox 300 1818 471 1880; x_wconf 84' lang='lat' dir='ltr'>brevissima</span> <span class='ocrx_word' id='word_1_108' title='bbox 503 1828 655 1900; x_wconf 86' lang='lat' dir='ltr'>praecepta</span> <span class='ocrx_word' id='word_1_109' title='bbox 688 1819 720 1879; x_wconf 94' lang='lat' dir='ltr'>in</span> <span class='ocrx_word' id='word_1_110' title='bbox 748 1820 845 1882; x_wconf 93' lang='lat' dir='ltr'>locum</span> <span class='ocrx_word' id='word_1_111' title='bbox 875 1821 1055 1892; x_wconf 88' lang='lat' dir='ltr'>uberiorum,</span> <span class='ocrx_word' id='word_1_112' title='bbox 1088 1840 1163 1900; x_wconf 88' lang='lat' dir='ltr'>quae</span> <span class='ocrx_word' id='word_1_113' title='bbox 1189 1831 1240 1882; x_wconf 91' lang='lat' dir='ltr'>aut</span> <span class='ocrx_word' id='word_1_114' title='bbox 1265 1841 1387 1902; x_wconf 92' lang='lat' dir='ltr'>prorsus</span> 
     </span>
     <span class='ocr_line' id='line_1_15' title="bbox 219 1921 1387 2004; baseline 0.003 -22"><span class='ocrx_word' id='word_1_115' title='bbox 219 1922 314 1982; x_wconf 90' lang='lat' dir='ltr'>excisa</span> <span class='ocrx_word' id='word_1_116' title='bbox 340 1931 391 1982; x_wconf 92' lang='lat' dir='ltr'>aut</span> <span class='ocrx_word' id='word_1_117' title='bbox 417 1921 489 1982; x_wconf 94' lang='lat' dir='ltr'>alios</span> <span class='ocrx_word' id='word_1_118' title='bbox 518 1922 548 1982; x_wconf 90' lang='lat' dir='ltr'>in</span> <span class='ocrx_word' id='word_1_119' title='bbox 574 1923 654 1984; x_wconf 92' lang='lat' dir='ltr'>locos</span> <span class='ocrx_word' id='word_1_120' title='bbox 685 1922 803 1985; x_wconf 86' lang='lat' dir='ltr'>traiecta</span> <span class='ocrx_word' id='word_1_121' title='bbox 831 1933 910 1996; x_wconf 90' lang='lat' dir='ltr'>sunt,</span> <span class='ocrx_word' id='word_1_122' title='bbox 943 1924 979 1984; x_wconf 96' lang='lat' dir='ltr'>ab</span> <span class='ocrx_word' id='word_1_123' title='bbox 1009 1924 1200 2004; x_wconf 90' lang='lat' dir='ltr'>epitomatore</span> <span class='ocrx_word' id='word_1_124' title='bbox 1228 1925 1387 1987; x_wconf 85' lang='lat' dir='ltr'>substituta</span> 
     </span>
     <span class='ocr_line' id='line_1_16' title="bbox 218 2023 1387 2108; baseline 0.005 -24"><span class='ocrx_word' id='word_1_125' title='bbox 218 2042 283 2085; x_wconf 90' lang='lat' dir='ltr'>esse</span> <span class='ocrx_word' id='word_1_126' title='bbox 308 2023 466 2104; x_wconf 89' lang='lat' dir='ltr'>adparebit.</span> <span class='ocrx_word' id='word_1_127' title='bbox 511 2035 540 2087; x_wconf 95' lang='lat' dir='ltr'>et</span> <span class='ocrx_word' id='word_1_128' title='bbox 564 2025 719 2088; x_wconf 89' lang='lat' dir='ltr'>mediisin</span> <span class='ocrx_word' id='word_1_129' title='bbox 742 2026 787 2086; x_wconf 93' lang='lat' dir='ltr'>bis</span> <span class='ocrx_word' id='word_1_130' title='bbox 809 2026 994 2088; x_wconf 87' lang='lat' dir='ltr'>uberioribus</span> <span class='ocrx_word' id='word_1_131' title='bbox 1016 2027 1179 2108; x_wconf 91' lang='lat' dir='ltr'>praeceptis</span> <span class='ocrx_word' id='word_1_132' title='bbox 1202 2029 1387 2090; x_wconf 84' lang='lat' dir='ltr'>definitiones</span> 
     </span>
     <span class='ocr_line' id='line_1_17' title="bbox 218 2127 1387 2211; baseline 0.005 -24"><span class='ocrx_word' id='word_1_133' title='bbox 218 2138 248 2188; x_wconf 90' lang='lat' dir='ltr'>et</span> <span class='ocrx_word' id='word_1_134' title='bbox 274 2127 479 2207; x_wconf 85' lang='lat' dir='ltr'>explicationes</span> <span class='ocrx_word' id='word_1_135' title='bbox 508 2129 632 2190; x_wconf 87' lang='lat' dir='ltr'>membri</span> <span class='ocrx_word' id='word_1_136' title='bbox 659 2137 689 2190; x_wconf 93' lang='lat' dir='ltr'>et</span> <span class='ocrx_word' id='word_1_137' title='bbox 715 2129 828 2208; x_wconf 91' lang='lat' dir='ltr'>periodi</span> <span class='ocrx_word' id='word_1_138' title='bbox 855 2129 945 2190; x_wconf 83' lang='lat' dir='ltr'>baisse</span> <span class='ocrx_word' id='word_1_139' title='bbox 971 2130 1120 2209; x_wconf 87' lang='lat' dir='ltr'>probabile</span> <span class='ocrx_word' id='word_1_140' title='bbox 1142 2131 1201 2192; x_wconf 91' lang='lat' dir='ltr'>fiet.</span> <span class='ocrx_word' id='word_1_141' title='bbox 1246 2150 1313 2192; x_wconf 92' lang='lat' dir='ltr'>eum</span> <span class='ocrx_word' id='word_1_142' title='bbox 1337 2135 1387 2211; x_wconf 93' lang='lat' dir='ltr'>qui</span> 
     </span>
     <span class='ocr_line' id='line_1_18' title="bbox 219 2229 1387 2310; baseline 0.005 -20"><span class='ocrx_word' id='word_1_143' title='bbox 219 2229 317 2292; x_wconf 82' lang='lat' dir='ltr'>batem</span> <span class='ocrx_word' id='word_1_144' title='bbox 341 2231 520 2310; x_wconf 90' lang='lat' dir='ltr'>epitomavit,</span> <span class='ocrx_word' id='word_1_145' title='bbox 548 2232 635 2294; x_wconf 88' lang='lat' dir='ltr'>verba</span> <span class='ocrx_word' id='word_1_146' title='bbox 658 2231 680 2292; x_wconf 78' lang='lat' dir='ltr'>E</span> <span class='ocrx_word' id='word_1_147' title='bbox 703 2230 838 2302; x_wconf 70' lang='lat'>4815-21</span> <span class='ocrx_word' id='word_1_148' title='bbox 860 2232 1021 2294; x_wconf 90' lang='lat' dir='ltr'>inseruisse</span> <span class='ocrx_word' id='word_1_149' title='bbox 1044 2252 1078 2294; x_wconf 87' lang='lat' dir='ltr'>eo</span> <span class='ocrx_word' id='word_1_150' title='bbox 1101 2233 1199 2294; x_wconf 90' lang='lat' dir='ltr'>minus</span> <span class='ocrx_word' id='word_1_151' title='bbox 1225 2235 1387 2306; x_wconf 85' lang='lat' dir='ltr'>credamus,</span> 
     </span>
     <span class='ocr_line' id='line_1_19' title="bbox 218 2334 1386 2417; baseline 0.003 -22"><span class='ocrx_word' id='word_1_152' title='bbox 218 2334 297 2412; x_wconf 92' lang='lat' dir='ltr'>quod</span> <span class='ocrx_word' id='word_1_153' title='bbox 320 2335 445 2396; x_wconf 91' lang='lat' dir='ltr'>eundem</span> <span class='ocrx_word' id='word_1_154' title='bbox 469 2353 615 2415; x_wconf 91' lang='lat' dir='ltr'>nusquam</span> <span class='ocrx_word' id='word_1_155' title='bbox 631 2335 699 2396; x_wconf 92' lang='lat' dir='ltr'>alibi</span> <span class='ocrx_word' id='word_1_156' title='bbox 715 2336 858 2416; x_wconf 84' lang='lat' dir='ltr'>excerptis</span> <span class='ocrx_word' id='word_1_157' title='bbox 873 2336 952 2397; x_wconf 82' lang='lat' dir='ltr'>Artis</span> <span class='ocrx_word' id='word_1_158' title='bbox 968 2335 1119 2396; x_wconf 89' lang='lat' dir='ltr'>scientiam</span> <span class='ocrx_word' id='word_1_159' title='bbox 1136 2335 1251 2397; x_wconf 89' lang='lat' dir='ltr'>aliunde</span> <span class='ocrx_word' id='word_1_160' title='bbox 1267 2338 1386 2417; x_wconf 90' lang='lat' dir='ltr'>petitam</span> 
     </span>
     <span class='ocr_line' id='line_1_20' title="bbox 218 2436 1414 2518; baseline 0.005 -22"><span class='ocrx_word' id='word_1_161' title='bbox 218 2437 414 2499; x_wconf 92' lang='lat' dir='ltr'>immiscuisse</span> <span class='ocrx_word' id='word_1_162' title='bbox 437 2436 692 2517; x_wconf 89' lang='lat' dir='ltr'>deprehendimus.</span> <span class='ocrx_word' id='word_1_163' title='bbox 742 2458 836 2518; x_wconf 87' lang='lat' dir='ltr'>neque</span> <span class='ocrx_word' id='word_1_164' title='bbox 866 2439 945 2500; x_wconf 81' lang='lat' dir='ltr'>Artis</span> <span class='ocrx_word' id='word_1_165' title='bbox 971 2439 1203 2518; x_wconf 89' lang='lat' dir='ltr'>epitomatorem,</span> <span class='ocrx_word' id='word_1_166' title='bbox 1237 2440 1262 2501; x_wconf 96' lang='lat' dir='ltr'>si</span> <span class='ocrx_word' id='word_1_167' title='bbox 1291 2441 1414 2516; x_wconf 59' lang='lat' dir='ltr'>verba„</span> 
     </span>
     <span class='ocr_line' id='line_1_21' title="bbox 219 2541 1388 2621; baseline 0.004 -19"><span class='ocrx_word' id='word_1_168' title='bbox 219 2543 254 2602; x_wconf 92' lang='lat' dir='ltr'>de</span> <span class='ocrx_word' id='word_1_169' title='bbox 284 2541 391 2621; x_wconf 89' lang='lat' dir='ltr'>quibus</span> <span class='ocrx_word' id='word_1_170' title='bbox 419 2541 523 2620; x_wconf 88' lang='lat' dir='ltr'>agitur,</span> <span class='ocrx_word' id='word_1_171' title='bbox 556 2542 723 2616; x_wconf 88' lang='lat' dir='ltr'>addidisset,</span> <span class='ocrx_word' id='word_1_172' title='bbox 757 2553 824 2605; x_wconf 91' lang='lat' dir='ltr'>ante</span> <span class='ocrx_word' id='word_1_173' title='bbox 850 2543 936 2604; x_wconf 91' lang='lat' dir='ltr'>verba</span> <span class='ocrx_word' id='word_1_174' title='bbox 964 2543 1086 2605; x_wconf 84' lang='lat' dir='ltr'>Cornuti</span> <span class='ocrx_word' id='word_1_175' title='bbox 1113 2543 1175 2604; x_wconf 91' lang='lat' dir='ltr'>eius</span> <span class='ocrx_word' id='word_1_176' title='bbox 1202 2563 1310 2606; x_wconf 91' lang='lat' dir='ltr'>nomen</span> <span class='ocrx_word' id='word_1_177' title='bbox 1337 2555 1388 2607; x_wconf 89' lang='lat' dir='ltr'>aut</span> 
     </span>
     <span class='ocr_line' id='line_1_22' title="bbox 220 2644 1387 2726; baseline 0.003 -20"><span class='ocrx_word' id='word_1_178' title='bbox 220 2644 305 2706; x_wconf 90' lang='lat' dir='ltr'>talem</span> <span class='ocrx_word' id='word_1_179' title='bbox 329 2644 464 2718; x_wconf 91' lang='lat' dir='ltr'>indicem,</span> <span class='ocrx_word' id='word_1_180' title='bbox 487 2645 602 2724; x_wconf 91' lang='lat' dir='ltr'>qualem</span> <span class='ocrx_word' id='word_1_181' title='bbox 626 2645 714 2707; x_wconf 87' lang='lat' dir='ltr'>altera</span> <span class='ocrx_word' id='word_1_182' title='bbox 739 2646 869 2707; x_wconf 88' lang='lat' dir='ltr'>delinitio</span> <span class='ocrx_word' id='word_1_183' title='bbox 893 2647 1018 2708; x_wconf 89' lang='lat' dir='ltr'>membri</span> <span class='ocrx_word' id='word_1_184' title='bbox 1039 2649 1235 2726; x_wconf 87' lang='lat' dir='ltr'>praesefert,</span> <span class='ocrx_word' id='word_1_185' title='bbox 1259 2648 1387 2710; x_wconf 88' lang='lat' dir='ltr'>omissu-</span> 
     </span>
     <span class='ocr_line' id='line_1_23' title="bbox 219 2747 1387 2830; baseline 0.004 -23"><span class='ocrx_word' id='word_1_186' title='bbox 219 2765 284 2808; x_wconf 91' lang='lat' dir='ltr'>rum</span> <span class='ocrx_word' id='word_1_187' title='bbox 320 2747 410 2808; x_wconf 88' lang='lat' dir='ltr'>fuisse</span> <span class='ocrx_word' id='word_1_188' title='bbox 443 2748 504 2809; x_wconf 89' lang='lat' dir='ltr'>veri</span> <span class='ocrx_word' id='word_1_189' title='bbox 535 2748 628 2810; x_wconf 90' lang='lat' dir='ltr'>simile</span> <span class='ocrx_word' id='word_1_190' title='bbox 661 2758 714 2810; x_wconf 86' lang='lat' dir='ltr'>est.</span> <span class='ocrx_word' id='word_1_191' title='bbox 759 2749 837 2828; x_wconf 92' lang='lat' dir='ltr'>quod</span> <span class='ocrx_word' id='word_1_192' title='bbox 866 2747 987 2810; x_wconf 86' lang='lat' dir='ltr'>Cornuti</span> <span class='ocrx_word' id='word_1_193' title='bbox 1017 2751 1104 2811; x_wconf 92' lang='lat' dir='ltr'>verba</span> <span class='ocrx_word' id='word_1_194' title='bbox 1137 2749 1231 2811; x_wconf 91' lang='lat' dir='ltr'>indice</span> <span class='ocrx_word' id='word_1_195' title='bbox 1265 2770 1387 2830; x_wconf 92' lang='lat' dir='ltr'>prorsus</span> 
     </span>
     <span class='ocr_line' id='line_1_24' title="bbox 219 2850 1387 2934; baseline 0.003 -24"><span class='ocrx_word' id='word_1_196' title='bbox 219 2860 329 2922; x_wconf 90' lang='lat' dir='ltr'>carent,</span> <span class='ocrx_word' id='word_1_197' title='bbox 362 2850 480 2912; x_wconf 91' lang='lat' dir='ltr'>nonnisi</span> <span class='ocrx_word' id='word_1_198' title='bbox 514 2869 572 2912; x_wconf 90' lang='lat' dir='ltr'>una</span> <span class='ocrx_word' id='word_1_199' title='bbox 604 2851 716 2914; x_wconf 89' lang='lat' dir='ltr'>ratione</span> <span class='ocrx_word' id='word_1_200' title='bbox 749 2851 886 2932; x_wconf 90' lang='lat' dir='ltr'>explicari</span> <span class='ocrx_word' id='word_1_201' title='bbox 913 2871 999 2931; x_wconf 88' lang='lat' dir='ltr'>posse</span> <span class='ocrx_word' id='word_1_202' title='bbox 1026 2863 1175 2932; x_wconf 92' lang='lat' dir='ltr'>putamus.</span> <span class='ocrx_word' id='word_1_203' title='bbox 1220 2853 1387 2934; x_wconf 92' lang='lat' dir='ltr'>ubicunque</span> 
     </span>
     <span class='ocr_line' id='line_1_25' title="bbox 218 2953 1387 3042; baseline 0.004 -30"><span class='ocrx_word' id='word_1_204' title='bbox 218 2954 296 3013; x_wconf 92' lang='lat' dir='ltr'>enim</span> <span class='ocrx_word' id='word_1_205' title='bbox 332 2953 497 3033; x_wconf 91' lang='lat' dir='ltr'>complures</span> <span class='ocrx_word' id='word_1_206' title='bbox 530 2955 604 3016; x_wconf 87' lang='lat' dir='ltr'>fines</span> <span class='ocrx_word' id='word_1_207' title='bbox 636 2955 667 3014; x_wconf 89' lang='lat' dir='ltr'>in</span> <span class='ocrx_word' id='word_1_208' title='bbox 694 2954 828 3034; x_wconf 85' lang='lat' dir='ltr'>Epitoma</span> <span class='ocrx_word' id='word_1_209' title='bbox 861 2965 1080 3027; x_wconf 88' lang='lat' dir='ltr'>enumerantur,</span> <span class='ocrx_word' id='word_1_210' title='bbox 1115 2955 1236 3042; x_wconf 90' lang='lat' dir='ltr'>singulis</span> <span class='ocrx_word' id='word_1_211' title='bbox 1268 2957 1387 3017; x_wconf 92' lang='lat' dir='ltr'>nomina</span> 
     </span>
     <span class='ocr_line' id='line_1_26' title="bbox 218 3052 1387 3139; baseline 0.003 -22"><span class='ocrx_word' id='word_1_212' title='bbox 218 3065 370 3118; x_wconf 91' lang='lat' dir='ltr'>auctorum</span> <span class='ocrx_word' id='word_1_213' title='bbox 405 3066 456 3118; x_wconf 90' lang='lat' dir='ltr'>aut</span> <span class='ocrx_word' id='word_1_214' title='bbox 488 3057 575 3118; x_wconf 92' lang='lat' dir='ltr'>verba</span> <span class='ocrx_word' id='word_1_215' title='bbox 607 3052 652 3129; x_wconf 73' lang='lat' dir='ltr'>uic</span> <span class='ocrx_word' id='word_1_216' title='bbox 684 3055 768 3120; x_wconf 72' lang='grc' dir='ltr'><em>ἔνιοι</em></span> <span class='ocrx_word' id='word_1_217' title='bbox 799 3059 844 3118; x_wconf 85' lang='lat' dir='ltr'>vel</span> <span class='ocrx_word' id='word_1_218' title='bbox 877 3058 982 3120; x_wconf 90' lang='lat' dir='ltr'>similia</span> <span class='ocrx_word' id='word_1_219' title='bbox 1014 3059 1139 3139; x_wconf 88' lang='lat' dir='ltr'>praefixa</span> <span class='ocrx_word' id='word_1_220' title='bbox 1172 3068 1251 3120; x_wconf 85' lang='lat' dir='ltr'>sunt.</span> <span class='ocrx_word' id='word_1_221' title='bbox 1296 3059 1387 3139; x_wconf 90' lang='lat' dir='ltr'>priori</span> 
     </span>
     <span class='ocr_line' id='line_1_27' title="bbox 217 3160 1387 3237; baseline 0.003 -18"><span class='ocrx_word' id='word_1_222' title='bbox 217 3162 362 3232; x_wconf 78' lang='grc' dir='ltr'><strong><em>πίστεως</em></strong></span> <span class='ocrx_word' id='word_1_223' title='bbox 383 3161 435 3220; x_wconf 91' lang='lat' dir='ltr'>lini</span> <span class='ocrx_word' id='word_1_224' title='bbox 458 3161 513 3222; x_wconf 92' lang='lat' dir='ltr'>soli</span> <span class='ocrx_word' id='word_1_225' title='bbox 536 3161 557 3221; x_wconf 84' lang='lat' dir='ltr'>E</span> <span class='ocrx_word' id='word_1_226' title='bbox 579 3164 597 3236; x_wconf 60' lang='grc' dir='ltr'>ᾖ</span> <span class='ocrx_word' id='word_1_227' title='bbox 622 3160 681 3222; x_wconf 87' lang='grc'>143</span> <span class='ocrx_word' id='word_1_228' title='bbox 703 3160 791 3222; x_wconf 91' lang='lat' dir='ltr'>index</span> <span class='ocrx_word' id='word_1_229' title='bbox 818 3161 908 3234; x_wconf 88' lang='lat' dir='ltr'>deest,</span> <span class='ocrx_word' id='word_1_230' title='bbox 942 3181 1010 3223; x_wconf 93' lang='lat' dir='ltr'>cum</span> <span class='ocrx_word' id='word_1_231' title='bbox 1038 3162 1111 3222; x_wconf 91' lang='lat' dir='ltr'>alter</span> <span class='ocrx_word' id='word_1_232' title='bbox 1137 3161 1204 3222; x_wconf 90' lang='lat' dir='ltr'>finis</span> <span class='ocrx_word' id='word_1_233' title='bbox 1230 3161 1260 3222; x_wconf 89' lang='lat' dir='ltr'>in</span> <span class='ocrx_word' id='word_1_234' title='bbox 1284 3165 1302 3237; x_wconf 66' lang='grc' dir='ltr'><strong>ξ</strong></span> <span class='ocrx_word' id='word_1_235' title='bbox 1327 3164 1387 3222; x_wconf 88' lang='grc'>144</span> 
     </span>
     <span class='ocr_line' id='line_1_28' title="bbox 218 3263 1385 3344; baseline 0.003 -21"><span class='ocrx_word' id='word_1_236' title='bbox 218 3263 372 3324; x_wconf 78' lang='lat' dir='ltr'>Alexandri</span> <span class='ocrx_word' id='word_1_237' title='bbox 403 3282 467 3324; x_wconf 91' lang='lat' dir='ltr'>esse</span> <span class='ocrx_word' id='word_1_238' title='bbox 494 3264 616 3326; x_wconf 89' lang='lat' dir='ltr'>dicatur.</span> <span class='ocrx_word' id='word_1_239' title='bbox 660 3264 739 3325; x_wconf 92' lang='lat' dir='ltr'>illam</span> <span class='ocrx_word' id='word_1_240' title='bbox 767 3268 785 3338; x_wconf 66' lang='grc' dir='ltr'><strong>ξ</strong></span> <span class='ocrx_word' id='word_1_241' title='bbox 809 3265 867 3325; x_wconf 86' lang='grc'>143</span> <span class='ocrx_word' id='word_1_242' title='bbox 895 3276 993 3327; x_wconf 85' lang='lat' dir='ltr'>autern</span> <span class='ocrx_word' id='word_1_243' title='bbox 1020 3265 1057 3326; x_wconf 90' lang='lat' dir='ltr'>ab</span> <span class='ocrx_word' id='word_1_244' title='bbox 1079 3265 1158 3325; x_wconf 82' lang='lat' dir='ltr'>Artis</span> <span class='ocrx_word' id='word_1_245' title='bbox 1181 3273 1300 3325; x_wconf 89' lang='lat' dir='ltr'>auctore</span> <span class='ocrx_word' id='word_1_246' title='bbox 1321 3265 1385 3344; x_wconf 92' lang='lat' dir='ltr'>ipso</span> 
     </span>
     <span class='ocr_line' id='line_1_29' title="bbox 218 3366 1386 3447; baseline 0.001 -20"><span class='ocrx_word' id='word_1_247' title='bbox 218 3366 412 3445; x_wconf 88' lang='lat' dir='ltr'>conscriptam</span> <span class='ocrx_word' id='word_1_248' title='bbox 442 3386 507 3428; x_wconf 89' lang='lat' dir='ltr'>esse</span> <span class='ocrx_word' id='word_1_249' title='bbox 536 3369 611 3430; x_wconf 82' lang='lat' dir='ltr'>iufra</span> <span class='ocrx_word' id='word_1_250' title='bbox 637 3367 904 3447; x_wconf 89' lang='lat' dir='ltr'>comprobabimus.</span> <span class='ocrx_word' id='word_1_251' title='bbox 949 3369 1017 3429; x_wconf 92' lang='lat' dir='ltr'>inde</span> <span class='ocrx_word' id='word_1_252' title='bbox 1039 3367 1202 3446; x_wconf 84' lang='lat' dir='ltr'>colligimus</span> <span class='ocrx_word' id='word_1_253' title='bbox 1223 3376 1291 3428; x_wconf 94' lang='lat' dir='ltr'>ante</span> <span class='ocrx_word' id='word_1_254' title='bbox 1315 3366 1386 3428; x_wconf 86' lang='lat' dir='ltr'>Cor-</span> 
     </span>
     <span class='ocr_line' id='line_1_30' title="bbox 217 3469 1387 3551; baseline 0.001 -21"><span class='ocrx_word' id='word_1_255' title='bbox 217 3470 284 3531; x_wconf 90' lang='lat' dir='ltr'>nuti</span> <span class='ocrx_word' id='word_1_256' title='bbox 310 3469 397 3530; x_wconf 85' lang='lat' dir='ltr'>verba</span> <span class='ocrx_word' id='word_1_257' title='bbox 423 3469 446 3530; x_wconf 88' lang='lat' dir='ltr'>E</span> <span class='ocrx_word' id='word_1_258' title='bbox 468 3470 563 3545; x_wconf 75' lang='lat'>§242</span> <span class='ocrx_word' id='word_1_259' title='bbox 590 3489 698 3532; x_wconf 89' lang='lat' dir='ltr'>nomen</span> <span class='ocrx_word' id='word_1_260' title='bbox 727 3480 882 3551; x_wconf 90' lang='lat' dir='ltr'>propterea</span> <span class='ocrx_word' id='word_1_261' title='bbox 908 3491 968 3534; x_wconf 90' lang='lat' dir='ltr'>non</span> <span class='ocrx_word' id='word_1_262' title='bbox 994 3481 1102 3544; x_wconf 86' lang='lat' dir='ltr'>extare,</span> <span class='ocrx_word' id='word_1_263' title='bbox 1131 3471 1209 3550; x_wconf 94' lang='lat' dir='ltr'>quod</span> <span class='ocrx_word' id='word_1_264' title='bbox 1238 3470 1387 3532; x_wconf 84' lang='lat' dir='ltr'>Cornutus</span> 
     </span>
     <span class='ocr_line' id='line_1_31' title="bbox 217 3573 1385 3656; baseline 0.002 -24"><span class='ocrx_word' id='word_1_265' title='bbox 217 3573 280 3653; x_wconf 91' lang='lat' dir='ltr'>ipse</span> <span class='ocrx_word' id='word_1_266' title='bbox 295 3573 374 3634; x_wconf 81' lang='lat' dir='ltr'>Artis</span> <span class='ocrx_word' id='word_1_267' title='bbox 397 3581 499 3635; x_wconf 90' lang='lat' dir='ltr'>auctor</span> <span class='ocrx_word' id='word_1_268' title='bbox 520 3583 591 3636; x_wconf 90' lang='lat' dir='ltr'>erat.</span> <span class='ocrx_word' id='word_1_269' title='bbox 636 3575 707 3636; x_wconf 93' lang='lat' dir='ltr'>baec</span> <span class='ocrx_word' id='word_1_270' title='bbox 728 3575 895 3637; x_wconf 88' lang='lat' dir='ltr'>coniectura</span> <span class='ocrx_word' id='word_1_271' title='bbox 917 3585 1072 3656; x_wconf 88' lang='lat' dir='ltr'>praecepto</span> <span class='ocrx_word' id='word_1_272' title='bbox 1088 3574 1210 3637; x_wconf 87' lang='lat' dir='ltr'>Cornuti</span> <span class='ocrx_word' id='word_1_273' title='bbox 1230 3593 1246 3635; x_wconf 91' lang='lat' dir='ltr'>a</span> <span class='ocrx_word' id='word_1_274' title='bbox 1263 3574 1385 3654; x_wconf 82' lang='lat' dir='ltr'>Syriano</span> 
     </span>
     <span class='ocr_line' id='line_1_32' title="bbox 217 3676 547 3738; baseline -0.003 -1"><span class='ocrx_word' id='word_1_275' title='bbox 217 3677 369 3738; x_wconf 86' lang='lat' dir='ltr'>adservato</span> <span class='ocrx_word' id='word_1_276' title='bbox 392 3676 547 3738; x_wconf 90' lang='lat' dir='ltr'>stabilitur.</span> 
     </span>
    </p>

    <p class='ocr_par' dir='ltr' id='par_1_4' title="bbox 217 3778 1385 4482">
     <span class='ocr_line' id='line_1_33' title="bbox 303 3778 1385 3860; baseline 0 -20"><span class='ocrx_word' id='word_1_277' title='bbox 303 3778 452 3841; x_wconf 84' lang='lat' dir='ltr'>Cornutus</span> <span class='ocrx_word' id='word_1_278' title='bbox 481 3799 497 3840; x_wconf 93' lang='lat' dir='ltr'>a</span> <span class='ocrx_word' id='word_1_279' title='bbox 521 3781 643 3860; x_wconf 75' lang='lat' dir='ltr'>Syriano</span> <span class='ocrx_word' id='word_1_280' title='bbox 666 3781 702 3842; x_wconf 90' lang='lat' dir='ltr'>W</span> <span class='ocrx_word' id='word_1_281' title='bbox 718 3781 754 3842; x_wconf 88' lang='lat' dir='ltr'>tv</span> <span class='ocrx_word' id='word_1_282' title='bbox 776 3781 848 3856; x_wconf 83' lang='lat'>298,</span> <span class='ocrx_word' id='word_1_283' title='bbox 872 3781 933 3842; x_wconf 88' lang='grc'>843</span> <span class='ocrx_word' id='word_1_284' title='bbox 961 3790 1055 3843; x_wconf 87' lang='lat' dir='ltr'>status</span> <span class='ocrx_word' id='word_1_285' title='bbox 1077 3781 1182 3860; x_wconf 89' lang='lat' dir='ltr'>legales</span> <span class='ocrx_word' id='word_1_286' title='bbox 1205 3789 1273 3841; x_wconf 91' lang='lat' dir='ltr'>ante</span> <span class='ocrx_word' id='word_1_287' title='bbox 1293 3779 1385 3841; x_wconf 89' lang='lat' dir='ltr'>ratio-</span> 
     </span>
     <span class='ocr_line' id='line_1_34' title="bbox 218 3882 1383 3964; baseline 0.002 -22"><span class='ocrx_word' id='word_1_288' title='bbox 218 3883 298 3943; x_wconf 90' lang='lat' dir='ltr'>nales</span> <span class='ocrx_word' id='word_1_289' title='bbox 326 3902 359 3944; x_wconf 89' lang='lat' dir='ltr'>ac</span> <span class='ocrx_word' id='word_1_290' title='bbox 387 3882 513 3963; x_wconf 90' lang='lat' dir='ltr'>primam</span> <span class='ocrx_word' id='word_1_291' title='bbox 541 3883 660 3962; x_wconf 91' lang='lat' dir='ltr'>quidem</span> <span class='ocrx_word' id='word_1_292' title='bbox 688 3884 821 3946; x_wconf 92' lang='lat' dir='ltr'>omnium</span> <span class='ocrx_word' id='word_1_293' title='bbox 848 3885 1057 3964; x_wconf 89' lang='lat' dir='ltr'>amphiboliam</span> <span class='ocrx_word' id='word_1_294' title='bbox 1085 3885 1242 3945; x_wconf 89' lang='lat' dir='ltr'>collocasse</span> <span class='ocrx_word' id='word_1_295' title='bbox 1268 3883 1383 3945; x_wconf 91' lang='lat' dir='ltr'>dicitur.</span> 
     </span>
     <span class='ocr_line' id='line_1_35' title="bbox 218 3986 1385 4068; baseline 0.001 -23"><span class='ocrx_word' id='word_1_296' title='bbox 218 4005 274 4064; x_wconf 95' lang='lat' dir='ltr'>qua</span> <span class='ocrx_word' id='word_1_297' title='bbox 301 4003 333 4046; x_wconf 91' lang='lat' dir='ltr'>re</span> <span class='ocrx_word' id='word_1_298' title='bbox 362 3986 398 4046; x_wconf 91' lang='lat' dir='ltr'>ab</span> <span class='ocrx_word' id='word_1_299' title='bbox 429 3987 607 4059; x_wconf 86' lang='lat' dir='ltr'>auctoribus,</span> <span class='ocrx_word' id='word_1_300' title='bbox 635 4007 761 4066; x_wconf 92' lang='lat' dir='ltr'>quorum</span> <span class='ocrx_word' id='word_1_301' title='bbox 792 3989 826 4049; x_wconf 91' lang='lat' dir='ltr'>de</span> <span class='ocrx_word' id='word_1_302' title='bbox 854 3988 978 4050; x_wconf 92' lang='lat' dir='ltr'>statibus</span> <span class='ocrx_word' id='word_1_303' title='bbox 1000 3988 1107 4068; x_wconf 90' lang='lat' dir='ltr'>scripta</span> <span class='ocrx_word' id='word_1_304' title='bbox 1131 3987 1276 4060; x_wconf 89' lang='lat' dir='ltr'>novimus,</span> <span class='ocrx_word' id='word_1_305' title='bbox 1305 3987 1385 4047; x_wconf 90' lang='lat' dir='ltr'>valde</span> 
     </span>
     <span class='ocr_line' id='line_1_36' title="bbox 218 4087 1384 4170; baseline 0.003 -23"><span class='ocrx_word' id='word_1_306' title='bbox 218 4087 366 4148; x_wconf 91' lang='lat' dir='ltr'>dissensit.</span> <span class='ocrx_word' id='word_1_307' title='bbox 411 4097 440 4150; x_wconf 91' lang='lat' dir='ltr'>et</span> <span class='ocrx_word' id='word_1_308' title='bbox 462 4089 660 4169; x_wconf 85' lang='lat' dir='ltr'>Hermogenes</span> <span class='ocrx_word' id='word_1_309' title='bbox 687 4099 716 4150; x_wconf 91' lang='lat' dir='ltr'>et</span> <span class='ocrx_word' id='word_1_310' title='bbox 737 4090 935 4163; x_wconf 84' lang='lat' dir='ltr'>Quintilianus</span> <span class='ocrx_word' id='word_1_311' title='bbox 956 4091 1062 4170; x_wconf 90' lang='lat' dir='ltr'>legales</span> <span class='ocrx_word' id='word_1_312' title='bbox 1085 4100 1178 4152; x_wconf 89' lang='lat' dir='ltr'>status</span> <span class='ocrx_word' id='word_1_313' title='bbox 1200 4099 1268 4170; x_wconf 93' lang='lat' dir='ltr'>post</span> <span class='ocrx_word' id='word_1_314' title='bbox 1293 4090 1384 4151; x_wconf 91' lang='lat' dir='ltr'>ratio-</span> 
     </span>
     <span class='ocr_line' id='line_1_37' title="bbox 217 4191 1384 4274; baseline 0.002 -22"><span class='ocrx_word' id='word_1_315' title='bbox 217 4191 298 4252; x_wconf 91' lang='lat' dir='ltr'>nales</span> <span class='ocrx_word' id='word_1_316' title='bbox 331 4200 361 4252; x_wconf 88' lang='lat' dir='ltr'>et</span> <span class='ocrx_word' id='word_1_317' title='bbox 393 4192 525 4253; x_wconf 92' lang='lat' dir='ltr'>omnium</span> <span class='ocrx_word' id='word_1_318' title='bbox 556 4203 716 4255; x_wconf 90' lang='lat' dir='ltr'>extremam</span> <span class='ocrx_word' id='word_1_319' title='bbox 742 4195 949 4274; x_wconf 90' lang='lat' dir='ltr'>amphiboliam</span> <span class='ocrx_word' id='word_1_320' title='bbox 977 4202 1176 4256; x_wconf 88' lang='lat' dir='ltr'>tractaverunt</span> <span class='ocrx_word' id='word_1_321' title='bbox 1204 4203 1291 4273; x_wconf 91' lang='lat' dir='ltr'>atque</span> <span class='ocrx_word' id='word_1_322' title='bbox 1318 4194 1384 4254; x_wconf 94' lang='lat' dir='ltr'>ubi-</span> 
     </span>
     <span class='ocr_line' id='line_1_38' title="bbox 217 4294 1383 4378; baseline 0.003 -24"><span class='ocrx_word' id='word_1_323' title='bbox 217 4313 343 4373; x_wconf 88' lang='lat' dir='ltr'>cumque</span> <span class='ocrx_word' id='word_1_324' title='bbox 369 4294 566 4367; x_wconf 84' lang='lat' dir='ltr'>Quintilianus</span> <span class='ocrx_word' id='word_1_325' title='bbox 596 4305 735 4376; x_wconf 88' lang='lat' dir='ltr'>quattuor</span> <span class='ocrx_word' id='word_1_326' title='bbox 761 4306 854 4358; x_wconf 88' lang='lat' dir='ltr'>status</span> <span class='ocrx_word' id='word_1_327' title='bbox 881 4298 986 4376; x_wconf 91' lang='lat' dir='ltr'>legales</span> <span class='ocrx_word' id='word_1_328' title='bbox 1014 4305 1234 4370; x_wconf 88' lang='lat' dir='ltr'>commemorat,</span> <span class='ocrx_word' id='word_1_329' title='bbox 1267 4297 1383 4378; x_wconf 90' lang='lat' dir='ltr'>amphi-</span> 
     </span>
     <span class='ocr_line' id='line_1_39' title="bbox 218 4397 1382 4482; baseline 0.002 -22"><span class='ocrx_word' id='word_1_330' title='bbox 218 4397 302 4472; x_wconf 91' lang='lat' dir='ltr'>bolia,</span> <span class='ocrx_word' id='word_1_331' title='bbox 331 4417 508 4478; x_wconf 93' lang='lat' dir='ltr'>quamquam</span> <span class='ocrx_word' id='word_1_332' title='bbox 538 4400 609 4461; x_wconf 90' lang='lat' dir='ltr'>ordo</span> <span class='ocrx_word' id='word_1_333' title='bbox 639 4398 729 4460; x_wconf 92' lang='lat' dir='ltr'>trium</span> <span class='ocrx_word' id='word_1_334' title='bbox 758 4409 923 4462; x_wconf 86' lang='lat' dir='ltr'>ceterorum</span> <span class='ocrx_word' id='word_1_335' title='bbox 952 4420 1036 4482; x_wconf 91' lang='lat' dir='ltr'>saepe</span> <span class='ocrx_word' id='word_1_336' title='bbox 1059 4408 1253 4481; x_wconf 90' lang='lat' dir='ltr'>permutatur,</span> <span class='ocrx_word' id='word_1_337' title='bbox 1281 4401 1382 4462; x_wconf 88' lang='lat' dir='ltr'>ultima</span> 
     </span>
    </p>
   </div>
   <div class='ocr_carea' id='block_1_3' title="bbox 0 0 1772 5208">
    <p class='ocr_par' dir='ltr' id='par_1_5' title="bbox 0 0 1772 5208">
     <span class='ocr_line' id='line_1_40' title="bbox 0 0 1772 5208; baseline 0 0"><span class='ocrx_word' id='word_1_338' title='bbox 0 0 1772 5208; x_wconf 95' lang='lat' dir='ltr'> </span> 
     </span>
    </p>
   </div>
  </div>
 </body>
</html>
