3536 5208
829 387 870 397 -
919 351 1009 415 XLII
1057 389 1097 398 -

380 527 521 602 πολλοὺς
554 528 591 592 δὲ
618 526 884 612 σχετλιασμοόςί,
919 525 976 612 τήν
1008 552 1043 592 τε
1069 528 1243 614 ἑρμηνείαν
1270 531 1482 612 συγκειμένην
1509 522 1544 590 ἐκ

378 631 534 716 τροπικῆς
564 629 709 714 μάλλον’
736 631 790 695 καὶ
826 630 1030 714 σημειιόδοος
1058 632 1194 707 λέξεως8
1225 631 1405 715 δυναμένης
1432 633 1544 713 μέντοι

379 745 496 798 πεσεῖν
517 736 564 808 είς
587 734 777 809 πολιτικοὺς
800 733 923 815 λόγους.
969 734 1016 798 ἔτι
1039 734 1076 799 δὲ
1099 735 1155 799 καὶ
1176 735 1280 820 τούτῳ
1303 735 1470 818 διαφέρει,
1494 729 1544 797 ὅτι

378 837 488 902 πολλά
501 838 565 902 των
580 838 615 902 δν
629 850 698 912 τοῖς
713 842 906 922 προοιμίοις
921 839 1106 919 λεχθέντων
1122 835 1226 904 οὐκέτ’
1238 837 1273 902 ἐν
1287 849 1359 912 τοῖς
1373 833 1545 914 ἐπιλόγοις

378 941 520 1018 λεκτέον,
554 939 626 1006 υίον
658 935 881 1006 ὖποπτεόευαί
914 965 964 1015 τις
996 940 1055 1004 διὰ
1088 945 1279 1025 περιεργίαν
1309 939 1329 1026 ῆ
1357 939 1416 1003 διά
1442 939 1545 1004 πολυ-

379 1042 614 1129 πραγμοσόνην
636 1042 861 1128 εἰσερχόμενος
883 1043 958 1117 τούς
980 1040 1119 1122 άγῶνας,
1143 1044 1302 1128 λυθείσης
1323 1045 1380 1130 τῆς
1393 1040 1545 1126 ὑποψίας

379 1147 414 1212 ἐν
446 1149 491 1232 τῷ
524 1152 691 1232 προοιμίῳ
726 1143 833 1211 οὐκέτι
864 1143 984 1230 ἀνάγκη
1016 1143 1052 1210 ἐν
1078 1149 1123 1231 τῷ
1153 1145 1297 1232 ἐπιλόγῳ
1326 1148 1402 1229 περὶ
1429 1143 1545 1209 τούτου

379 1251 498 1330 λέγειν,
527 1251 583 1313 καί
610 1248 708 1314 ἄλλαι
736 1253 822 1324 τινές
852 1244 916 1314 εἰσι
946 1253 1165 1332 προοιμιακαὶ
1195 1243 1284 1326 ὗλαι,
1318 1257 1441 1324 αίτινες
1466 1243 1546 1312 ὅταν

379 1353 677 1438 διαπεραιωθῶσιν
699 1353 734 1418 ἒν
748 1364 818 1427 τοίς
834 1357 1039 1437 προοιμίοις,
1063 1355 1219 1438 περιττὸν
1242 1354 1401 1418 ποιοῦσιν
1422 1353 1455 1416 dv
1476 1362 1546 1426 τοίς

379 1456 550 1536 ἐπιλόγοις
571 1455 629 1520 τόν
651 1455 728 1540 περὶ
751 1455 875 1521 ἑαυτῶν
897 1454 1004 1535 λόγον.
1050 1458 1089 1522 οὐ
1111 1455 1212 1540 μόνον
1227 1456 1265 1521 δὲ
1279 1457 1344 1521 τῶν
1358 1459 1547 1540 προοιμίων

379 1561 445 1624 eloi
467 1581 553 1633 τινες
575 1554 663 1636 ὗλαι,
687 1557 741 1635 αίς
763 1556 802 1624 οὗ
822 1561 983 1643 χρώμεθα
1012 1559 1046 1625 ἐν
1073 1572 1143 1636 τοϊς
1165 1560 1349 1640 ἐπιλόγοις,
1379 1555 1463 1624 ἄλλά
1490 1557 1546 1621 καὶ

378 1663 444 1728 τῶν
476 1658 662 1741 ἓπιλόγων,
689 1656 733 1726 ὦν
761 1662 818 1728 oda
844 1662 933 1727 ε’στιν
961 1663 996 1727 ἐν
1022 1674 1092 1738 τοϊς
1120 1668 1314 1748 προοιμίοις
1339 1667 1445 1744 χρεία,
1476 1659 1547 1726 οίον

361 1765 457 1850 ,περὶ
478 1767 543 1830 τῶν
565 1765 754 1849 κεφαλαίων
776 1763 834 1831 οὐκ
857 1765 923 1846 ἔχει
947 1765 1109 1840 καλεῖςτί
1131 1766 1188 1841 τάς
1211 1760 1399 1850 ὑπολήψεις
1421 1763 1456 1829 όν
1477 1774 1547 1838 τοϊς

379 1873 573 1953 προοιμίοις
595 1867 788 1952 λαμβάνειν·
811 1866 1073 1953 ἑλκοποιῆσομεν
1094 1863 1158 1954 γάρ
1180 1870 1217 1933 τό
1241 1873 1432 1953 προοίμιον·
1456 1867 1492 1932 ἐν
1511 1866 1548 1930 δὲ

379 1984 450 2048 τοῖς
465 1971 637 2051 ἐπιλόγοις
653 1969 774 2056 ἀνάγκη
791 1975 885 2036 πάσα
901 1976 935 2036 ἓν
946 1997 978 2035 τι
993 1970 1176 2055 λαμβάνειν
1187 1970 1293 2038 αὐτῶν
1305 1975 1351 2046 εἷς
1367 1971 1549 2054 ἕπίρρωσιν

381 2075 400 2160 ἢ
433 2079 645 2160 παραίτησιν.
691 2074 739 2139 ἔτι
773 2075 811 2138 δὲ
844 2075 899 2138 καὶ
929 2074 1031 2160 τούτῳ
1062 2075 1227 2159 διαφέρει,
1263 2071 1314 2139 ὅτι
1347 2074 1383 2139 ἓν
1415 2074 1475 2158 μὲν
1504 2074 1549 2159 τῷ

379 2183 547 2264 προοιμίῳ
574 2177 689 2252 πάθος
719 2177 902 2262 ἐμποιῆσαι
933 2178 998 2254 del,
1028 2177 1064 2243 dv
1090 2178 1128 2242 dd
1153 2181 1199 2263 τῷ
1225 2177 1372 2264 ἐπιλόγῳ
1396 2175 1549 2262 προῦπδν

380 2281 522 2368 αὐξῆσαι
545 2281 600 2346 καὶ
623 2280 835 2365 ἐπιρρῶσαιί.

464 2387 503 2448 Ut
531 2396 731 2466 cognoscatur,
762 2405 836 2466 quae
863 2385 1016 2466 dispositio
1043 2387 1073 2448 in
1096 2386 1207 2468 reliqua
1230 2394 1312 2468 parte
1333 2386 1421 2468 primi
1443 2386 1479 2447 de
1501 2386 1546 2447 iu·

380 2491 516 2552 ventione
545 2491 618 2552 tomi
645 2489 747 2564 luerit,
778 2491 900 2551 extremi
928 2490 1001 2552 tomi
1023 2490 1144 2551 seonndi
1166 2501 1300 2572 excerpta
1323 2490 1391 2552 inde
1414 2509 1429 2550 a
1452 2493 1469 2564 ξ
1488 2488 1546 2550 113

379 2594 554 2656 eonferenda
577 2602 656 2657 sunt.
711 2593 741 2654 in
775 2593 882 2672 quibus
916 2602 983 2655 ante
1011 2593 1165 2655 Alexandri
1196 2601 1226 2655 et
1248 2593 1485 2674 Harpocratienis
1512 2592 1548 2654 de

379 2697 554 2760 narrationis
575 2696 740 2758 elocutione
762 2697 857 2768 verba,
881 2717 955 2776 quae
976 2697 1012 2758 ad
1034 2698 1171 2778 quintum
1195 2705 1309 2758 tomum
1332 2696 1453 2759 Cornuti
1469 2695 1548 2757 Artis

379 2801 532 2881 releganda
555 2810 633 2873 suut,
656 2808 795 2880 quattuor
816 2809 912 2880 partes
935 2800 1166 2879 distinguuntur.
1203 2800 1298 2880 prima
1313 2797 1548 2878 (seraa-123)

380 2905 531 2986 quaeritur
564 2914 663 2966 utrum
691 2903 887 2965 narrationem
917 2903 1150 2984 praetermittere
1176 2904 1260 2965 lioeat
1286 2922 1387 2976 neone,
1421 2901 1548 2963 seeunda

380 3011 429 3088 (ἐς
448 3006 626 3082 tut-131)
655 3026 714 3086 quo
740 3007 804 3068 loeo
831 3008 959 3068 narratio
981 3007 1115 3087 ponenda
1138 3007 1189 3079 sit,
1214 3008 1298 3068 tertia
1321 3005 1457 3084 (§§132‚
1475 3004 1547 3082 133)

380 3123 481 3174 σίτοιο
515 3110 644 3172 narratio
677 3110 764 3172 dividi
796 3110 890 3190 possit
921 3128 1022 3181 neone,
1056 3119 1158 3191 quarta
1194 3114 1242 3186 (ἐξ
1264 3109 1333 3181 134,
1370 3108 1442 3186 135)
1474 3127 1547 3170 uum

380 3217 479 3298 plnres
501 3213 683 3276 narrationes
705 3213 736 3274 iu
760 3231 817 3274 uua
840 3214 999 3293 eademque
1021 3233 1106 3276 eausa
1129 3213 1197 3276 sint.
1242 3215 1354 3294 primae
1376 3221 1406 3274 et
1427 3211 1547 3274 ultimae

380 3318 457 3400 parti
486 3315 608 3380 Cornuti
634 3315 713 3378 Artis
740 3315 828 3395 primi
855 3316 890 3376 de
916 3317 1084 3380 inventione
1110 3315 1183 3378 tomi
1209 3328 1343 3396 excerpta
1370 3319 1407 3390 ξς
1422 3313 1546 3375 21-35

449 3557 459 3588 ¹
476 3555 562 3608 Verba
584 3554 648 3621 apud
667 3551 844 3605 Mareellinam
862 3554 988 3605 vocabulo
1012 3548 1208 3620 σχειλιασμοὺς
1231 3551 1379 3602 continuata
1398 3551 1432 3602 W
1444 3549 1478 3602 Ν
1496 3549 1546 3600 428

382 3639 461 3678 14-1e
482 3626 527 3676 καί
549 3619 582 3674 τά
605 3622 656 3688 μὲν
673 3651 705 3659 -
722 3617 770 3686 τὴν
790 3615 897 3690 φράσιν
915 3639 963 3673 uon
983 3637 997 3672 e
1015 3621 1120 3672 Cornuti
1140 3624 1204 3673 Arte
1226 3621 1337 3686 repetita
1361 3625 1428 3680 sunt,
1455 3620 1499 3669 sed
1522 3625 1548 3669 et

379 3695 442 3742 haee
460 3700 487 3744 et
504 3692 582 3744 verba
595 3691 667 3742 Artis
686 3698 805 3756 excerpto
823 3693 922 3742 adnexa
935 3691 967 3741 W
981 3689 1014 3741 Ν
1033 3690 1083 3740 428
1096 3704 1174 3742 εο-εο
1192 3688 1316 3758 διαφέρει
1334 3717 1365 3725 -
1383 3681 1458 3746 αὔξει
1491 3702 1548 3737 arn-

303 3781 318 3806 ·
382 3762 481 3826 phrasis
504 3759 669 3826 Hermogenis
693 3759 828 3810 verborum
851 3758 917 3826 Spll
940 3759 987 3808 143
1004 3775 1028 3812 11
1040 3773 1091 3824 sqq.
1115 3765 1182 3809 sunt.
1219 3757 1250 3808 ol.
1269 3757 1446 3809 Marcellinum
1512 3754 1546 3804 Ν

380 3829 428 3880 421
443 3841 504 3882 ε-ι.

449 3896 459 3929 ²
478 3895 514 3948 Cl.
534 3896 675 3947 Alexandri
693 3904 829 3961 praesepta
845 3895 866 3945 ll
885 3895 919 3961 ξς
931 3895 989 3956 238,
1008 3894 1065 3945 243.

449 3965 460 3998 ³
478 3963 515 4016 Cl.
534 3965 675 4016 Alexandri
692 3972 853 4030 praeceptum
871 3963 892 4014 Ε
909 3964 996 4028 ῆ240.

448 4034 460 4066 ⁴
477 4033 546 4085 llaue
563 4033 723 4096 sententiam,
742 4048 813 4098 qnam
827 4033 941 4098 Epitome
959 4032 1061 4082 nonnisi
1080 4033 1103 4080 in
1119 4030 1248 4097 excerptis
1261 4030 1346 4097 quarti
1358 4031 1388 4080 de
1401 4029 1547 4080 inventione

382 4103 444 4153 tomi
461 4103 492 4152 11
506 4120 532 4156 11
551 4103 663 4166 exhibet,
685 4102 753 4153 iuter
776 4116 805 4150 ea
828 4099 917 4164 luisse,
940 4116 1002 4166 quae
1023 4117 1039 4151 a
1061 4100 1172 4150 Cornuto
1194 4100 1220 4148 in
1242 4101 1322 4165 primo
1344 4098 1376 4149 de
1398 4098 1546 4149 inventione

381 4179 449 4221 temo
473 4172 503 4221 de
526 4170 670 4221 differentia
694 4169 815 4235 prooemii
838 4175 865 4220 et
888 4170 983 4233 epilogi
1001 4169 1158 4228 dicebantur,
1180 4167 1346 4218 llareellinns
1364 4173 1482 4229 testatur,
1505 4167 1546 4232 qui

381 4239 460 4291 verba
478 4255 524 4290 sno
543 4239 600 4290 loeo
618 4239 714 4300 legisse
733 4246 759 4290 et
776 4239 823 4288 hae
840 4252 869 4287 re
888 4245 1025 4288 eommotus
1042 4252 1098 4288 esse
1110 4235 1219 4298 videtur,
1238 4243 1267 4286 nt
1279 4234 1314 4286 W
1326 4234 1360 4286 Ν
1372 4234 1422 4285 128
1435 4250 1461 4289 so
1474 4249 1547 4300 para·

380 4308 483 4373 phrasin
506 4307 627 4358 similium
647 4307 810 4369 Hermogenis
828 4305 972 4370 verborum,
999 4307 1029 4356 de
1052 4304 1141 4371 quibus
1160 4301 1192 4355 ef.
1212 4319 1286 4370 supra
1304 4304 1359 4354 adn.
1375 4303 1398 4368 1,
1425 4319 1471 4369 pro
1490 4303 1545 4354 illis

381 4375 558 4427 substitueret.
593 4374 625 4426 el.
644 4375 700 4425 adn.
713 4371 827 4426 XXXVI
840 4389 860 4425 a.
