3538 5212
851 353 1048 416 -8--

364 534 487 614 τέχνης,
520 527 608 592 καθό
640 525 658 612 ἦ
689 527 749 611 μὲν
777 525 997 591 άδιαπτότων
1026 527 1095 591 ἐστὶ
1125 525 1350 611 θεωρημάτων
1376 528 1431 591 καὶ
1454 532 1537 610 μίαν

365 630 508 712 ἐχόντων
526 632 586 715 την
600 629 714 715 φύσιν,
736 633 829 714 τέχνη
846 629 883 694 δέ
900 629 996 714 [ἀπὸ]
1013 635 1214 714 κινουμένων
1229 631 1284 693 καὶ
1300 629 1417 694 άλλοτε
1432 629 1536 714 ἄλλην

366 733 666 816 ἀναλαμβανόντων
682 732 794 816 φύσιν.
826 735 937 817 τέχνης
953 729 1010 799 οὖν
1025 735 1123 818 οὔσης
1138 736 1193 819 τῆς
1209 733 1378 820 ῥητορικῆς
1393 735 1448 797 καὶ
1471 735 1536 798 τόν

365 835 593 922 θεωρημάτων
623 833 721 921 αότῇς
752 835 836 918 πρός
868 836 943 912 τούς
970 837 1103 919 καιροὺς
1131 835 1362 921 ἁρμοζομένων
1389 834 1534 921 άμαρτά-

364 959 481 1006 νουσιν
503 940 766 1024 έπιστημονικῶς
789 937 936 1014 διδόντες
958 941 999 1004 τά
1020 939 1222 1025 θεωρήματα
1244 941 1299 1004 καὶ
1321 937 1467 1018 λέγοντες
1483 937 1570 1006 άεὶὸ

366 1042 437 1108 δεῖν
461 1041 760 1126 προοιμιάζεσθαι.
798 1043 849 1105 32.
866 1040 949 1106 ἀλλὰ
964 1042 1060 1107 τοῦτό
1076 1067 1195 1127 φαμεν,
1221 1040 1263 1118 ιός
1286 1041 1403 1127 ἐπειδη
1418 1039 1535 1106 ἄλλοτε
1553 1050 1614 1104 432

366 1144 479 1220 ἄλλοις
513 1149 763 1229 περιπίπτομεν
797 1145 1003 1229 πράγμασιν,
1038 1146 1056 1232 ἡ
1091 1147 1128 1211 δὲ
1155 1150 1249 1230 τέχνη
1280 1142 1369 1230 ἡμῶν
1391 1145 1475 1228 πρός
1496 1142 1533 1208 τό

365 1249 527 1334 χρήσιμον
552 1250 617 1312 τῶν
647 1246 822 1332 παρόντων
852 1245 1042 1331 ἁρμόζεται,
1074 1248 1114 1314 άν
1139 1251 1200 1333 μὲν
1222 1245 1383 1332 συμφέρη,
1415 1270 1535 1332 προοι-

365 1355 536 1436 μιαστέον,
572 1353 602 1414 τί
635 1351 672 1414 δὲ
704 1350 761 1435 μή,
796 1353 1042 1435 παραλειπτέον
1068 1354 1178 1416 τοῦτο·
1223 1349 1261 1416 οὗ
1290 1352 1352 1435 γὰρ
1378 1347 1535 1434 εὐκαίρως

366 1455 644 1539 παραλειφθέντα
666 1453 802 1540 βλάψει.
855 1457 904 1519 33.
933 1453 1018 1519 ἀλλὰ
1047 1455 1172 1539 μάλλον
1200 1453 1394 1529 ἀκολούθως
1420 1454 1535 1540 ῥητέον
1557 1468 1591 1521 10

366 1558 421 1622 καὶ
445 1559 577 1638 πρῶτον
591 1557 675 1640 πρὸς
697 1558 734 1621 τό
758 1553 808 1622 ότι
830 1556 862 1623 οἳ
879 1557 1012 1644 ἀρχαῖοι
1029 1558 1208 1631 συνέταξαν
1223 1556 1351 1638 λόγους,
1369 1553 1412 1624 ὧν
1427 1557 1535 1634 οὐδεὶς

366 1658 644 1744 άπροοιμίαστος·
666 1660 771 1726 έκεῖνο
793 1662 856 1746 γάρ
879 1685 989 1748 φαμεν
1011 1657 1061 1724 ὅτι
1085 1658 1117 1725 οἳ
1141 1658 1275 1744 ἀρχαῖοι
1295 1655 1534 1746 ἀγωνιζόμενοι

369 1761 467 1850 (μὲν)
498 1762 659 1839 πολλάκις
686 1761 744 1828 οὐκ
778 1767 875 1828 είπον
908 1769 1086 1850 προοίμια,
1122 1763 1356 1840 συντάσσοντες
1389 1765 1426 1828 δέ
1452 1763 1535 1848 μετά

367 1871 556 1951 προοιμίων
579 1867 811 1952 ἐβουλήθησαν
833 1867 999 1941 συντάξαι.
1052 1867 1174 1950 μάρτυς
1201 1869 1259 1931 τοῦ
1285 1866 1384 1947 λόγου
1409 1871 1535 1934 Θουκυ-

367 1969 461 2054 δίδης
477 1969 512 2032 έν
527 1964 547 2059 ᾗ
562 1990 645 2056 φησι
661 1971 870 2056 δημηγοριῶν
885 1974 937 2053 (lll
953 1972 1007 2052 30)
1021 1968 1169 2034 (Ἀλκίδα
1184 1975 1239 2033 καὶ
1254 1969 1533 2054 Λακεδαιμόνιοι,
1558 1983 1590 2036 15

367 2071 441 2155 ἐμοὶ
465 2072 558 2136 δοκεῖ
580 2074 678 2138 πλείν
701 2069 785 2158 ἡμᾶς
807 2074 864 2138 lue
883 2073 1094 2158 Μιτυληνην.>
1129 2075 1184 2136 καὶ
1200 2073 1395 2158 Μένανδρος
1415 2072 1450 2137 ἓν
1465 2085 1536 2149 τοίς

363 2169 601 2258 Ἐπιτρέπουσι
624 2177 683 2262 την
705 2177 800 2261 δίκην
822 2174 899 2240 ἄνευ
922 2181 1112 2261 προοιμίων
1134 2181 1326 2262 πεποίηκεν.
1379 2173 1475 2240 οὐδὲν
1497 2176 1535 2240 δέ

367 2277 520 2362 διαφέρει
542 2303 562 2362 η
585 2281 733 2343 ἐνταῦθα
756 2275 857 2354 οὕτως
879 2277 963 2343 αὐτὰ
984 2285 1123 2344 κεῖσθαι
1146 2305 1165 2364 η
1188 2280 1223 2344 έν
1239 2281 1465 2364 δικαστηρίοις
1481 2279 1534 2344 λέ-

366 2385 501 2461 γεσθαι.
544 2384 629 2466 πρός
651 2383 689 2447 δέ
710 2383 839 2458 τούτοις
861 2379 880 2467 ἡ
903 2382 938 2446 έν
956 2377 1073 2469 Ἀρείῳ
1094 2381 1190 2468 πάγῳ
1205 2379 1307 2468 βοολή
1326 2381 1400 2448 οὔτε
1416 2407 1533 2467 προοι-

367 2481 552 2570 μιάζεσθαι
576 2487 630 2548 εἴα
653 2483 726 2550 οὔτε
748 2483 1013 2566 ἐπιλογίζεσθαι.
1053 2489 1101 2550 34.
1126 2487 1211 2569 πρός
1232 2486 1269 2550 δέ
1290 2485 1327 2550 τό
1350 2483 1402 2550 ότι
1424 2509 1533 2569 παρα·
1554 2497 1589 2553 20

367 2587 580 2652 σκευαστικόν
594 2587 664 2651 ἔστι
681 2586 849 2672 άκροατῶν
870 2585 906 2654 τό
930 2593 1123 2674 προοίμιον,
1148 2587 1253 2654 ἐκεῖνό
1269 2607 1383 2674 φησιν,
1408 2585 1459 2654 ὅτι
1482 2587 1536 2654 ὅτε

366 2691 426 2775 μὲν
442 2691 694 2774 παρασκευάσαι
718 2691 782 2768 δεῖ,
806 2692 879 2757 τότε
898 2689 1206 2778 παρασκευάσομεν,
1227 2693 1285 2757 έὰν
1300 2692 1336 2756 δὲ
1353 2690 1413 2756 ὦσι
1432 2717 1535 2778 παρε-

368 2792 595 2878 σκευασμένοι,
611 2792 768 2881 περιττόν
783 2795 1079 2880 προοιμιάζεσθαι.
1108 2797 1204 2860 τοῦτο
1221 2796 1258 2860 δὲ
1273 2797 1327 2859 καὶ
1339 2796 1535 2880 Μένανδρον

435 2970 450 3019 2
469 2964 526 3020 ἀπὸ
540 2969 569 3034 Ρ,
585 2970 614 3022 ἐκ
626 2971 685 3034 Seg,
702 2971 742 3021 del
758 2970 775 3020 ll
824 2973 837 3020 7
855 2966 936 3037 ἡμῶν
949 2987 961 3022 e
975 2970 1062 3022 verbis
1075 2974 1178 3039 γίνεται
1190 2960 1376 3039 θεωρημάτων
1389 2978 1534 3038 corruptum

368 3053 424 3088 esso
448 3037 600 3090 oonieeltll
653 3042 667 3090 8
692 3035 889 3106 ἁρμοζομένων
908 3039 925 3088 P
945 3056 980 3089 em
999 3041 1060 3117 sl',
1089 3042 1116 3092 11
1144 3039 1318 3118 συνέγραφον
1330 3042 1380 3103 Seg
1434 3040 1463 3092 13
1484 3038 1535 3106 μὲν

369 3107 416 3156 odd
434 3106 557 3173 Souppius
613 3107 643 3158 18
661 3105 882 3180 διαφίριινΡεοι
897 3111 929 3174 Sp
982 3109 1014 3157 22
1032 3125 1089 3159 τοτε
1107 3107 1468 3178 παρασκευασοιμιΡειιιΙί

436 3272 502 3337 §32
523 3269 710 3344 άρμόζεται
733 3289 809 3340 supra
832 3268 997 3342 θεωρήματα
1020 3266 1190 3343 ἁρμόζεσθαι
1214 3275 1281 3326 dieto
1303 3283 1371 3338 suot,
1394 3277 1438 3326 sed
1456 3277 1535 3342 ipsam

368 3340 462 3406 τέχνην
484 3336 654 3411 άρμοζεσθαι
674 3343 725 3393 dici
744 3359 818 3408 posse
837 3344 938 3408 Sopatri
957 3344 974 3393 l.
992 3344 1023 3394 od
1042 3343 1100 3409 §31
1122 3345 1139 3394 l.
1159 3345 1346 3410 comprobetur.
1383 3344 1438 3395 Wil
1457 3347 1535 3410 parti·

368 3409 461 3472 eipium
484 3406 684 3477 ἁρμοζομένων,
708 3413 772 3476 quod
792 3413 912 3471 traditur,
936 3428 984 3460 non
1003 3413 1145 3462 mutandum
1164 3415 1208 3462 sed
1228 3421 1284 3478 post
1302 3414 1381 3479 τέχνη
1400 3415 1461 3464 haee
1480 3412 1534 3464 lere

368 3478 445 3526 verbo
466 3476 527 3541 (τοῦ
546 3481 734 3545 συμφέροντος
749 3475 920 3544 στοχάζεται>
936 3481 1069 3530 inseromle
1083 3489 1177 3532 censet.
1213 3481 1229 3546 ξ
1243 3482 1273 3531 33
1289 3478 1450 3546 Ἐπιτρέιι
1460 3495 1535 3532 ουσι

369 3544 454 3610 Quint.
467 3544 493 3595 X
514 3548 565 3599 1το
591 3547 686 3597 iudicio
707 3564 770 3614 quoe
793 3547 979 3615 Epitrepontes,
1001 3547 1143 3614 Epioleroe,
1161 3548 1255 3600 Looroo
1276 3551 1375 3613 λοοονιί,
1394 3556 1439 3601 συί
1455 3550 1535 3602 medi·

368 3616 475 3664 lotiones
501 3616 527 3670 τῖκ
554 3615 704 3682 Psophodee,
731 3613 886 3672 Nomotloele.
913 3617 1111 3683 Hypobolimaeo
1137 3620 1252 3669 omnibus
1277 3622 1397 3670 oratoriis
1423 3621 1536 3670 τιιιτητνίε

367 3682 581 3759 εαιιίιοόεοίυίοτ.
616 3681 632 3749 ἡ
655 3679 816 3752 ἔνἈρείῳ
839 3678 935 3752 πάγῳ
962 3682 1063 3749 βουλὴ
1083 3687 1163 3738 Arist.
1184 3687 1255 3736 llhel.
1276 3688 1399 3741 1354222
1421 3690 1449 3738 ol
1468 3688 1535 3740 δὲ..

367 3751 518 3801 κωλουυσιν
543 3749 593 3810 ἔξω
619 3753 665 3802 τοῦ
693 3749 853 3824 πράγματος
879 3755 974 3819 λέγειν,
999 3745 1128 3823 καθάπερ
1153 3757 1199 3806 καὶ
1224 3753 1253 3807 ἐν
1274 3753 1366 3822 Ἀρείῳ
1390 3753 1480 3824 πάγῳ.
1514 3757 1535 3808 ll

370 3817 435 3869 Prol.
454 3818 483 3869 de
499 3818 553 3870 lov.
573 3820 606 3871 W
621 3820 669 3874 'Vll
687 3821 757 3876 6410
774 3821 804 3874 ἐν
821 3823 858 3888 τῴ
877 3821 1038 3889 δικαστηρίῳ
1065 3822 1102 3889 τῷ
1123 3823 1152 3874 ἐν
1169 3819 1260 3894 Ἀρείῳ
1283 3815 1365 3892 πάγῳ
1389 3823 1420 3876 οὐ
1438 3825 1537 3893 χρῆσις

368 3879 401 3951 ἦν
431 3891 596 3956 προοιμίου·
632 3891 714 3959 κῆρυξ
742 3886 795 3957 γὰρ
826 3883 947 3960 ἐκήρυττε
974 3893 1150 3959 προσφωνῶν
1175 3893 1222 3942 καὶ
1249 3885 1473 3962 παρεγγυώμενος
1499 3894 1534 3960 τῷ

369 3949 494 4006 εἰσιόντι·
529 3952 582 4025 (μὴ
614 3958 796 4026 προοιμιόζου
824 3958 895 4025 μηδὲ
927 3957 1058 4024 ἔτιίλεγε).
1106 3961 1122 4027 ὅ
1147 3962 1178 4011 34
1206 3963 1262 4012 loeo
1290 3964 1408 4012 crucibus
1435 3963 1534 4014 incluso

369 4025 514 4074 Alexander
541 4027 618 4076 eliam
645 4026 752 4078 fabulam
777 4027 908 4078 Menandri
936 4042 1145 4080 commemorasse
1170 4030 1280 4084 videtur.
1308 4047 1371 4095 quae
1395 4033 1536 4081 orationem

369 4093 562 4143 deliberativam
589 4096 673 4145 meriti
692 4113 746 4146 oum
765 4112 845 4146 uxore
863 4097 1030 4162 colloquentis
1049 4099 1165 4148 habebat.
1200 4113 1255 4148 nom
1274 4097 1334 4163 §3³
1353 4100 1536 4150 coemtionem

370 4162 562 4212 deliberativum
575 4162 664 4224 (Thoe.
677 4162 709 4214 lll
722 4164 765 4228 30)
784 4171 810 4214 et
827 4167 970 4215 iudicialem
990 4167 1073 4224 (litem
1087 4167 1282 4232 Epitrepontem)
1300 4168 1394 4218 laudet.
1423 4166 1534 4218 fortasse

369 4229 449 4290 igitur
470 4228 486 4294 ξ
506 4232 538 4280 34
565 4232 723 4284 scribendum
752 4240 792 4284 est
814 4226 922 4284 εὔνοιαν
945 4229 1137 4305 προϋπάρχειν
1157 4235 1206 4284 τοῦ
1229 4230 1330 4304 ἀνδρὸς
1352 4232 1454 4302 ὁμοίως
1478 4236 1537 4298 (κοιλ

368 4297 414 4358 τῆς
434 4289 568 4362 γυναικός.
604 4295 719 4367 ὁμοίως>
739 4300 767 4352 δὲ
784 4295 835 4351 κάν
854 4301 874 4366 <.
888 4339 893 4351 .
907 4302 944 4368 τῷ
962 4301 1043 4367 ἀνδρὶ
1062 4307 1216 4367 προοίμιον
1233 4297 1282 4353 οὐκ
1299 4303 1379 4368 ἔθηκε
1396 4304 1445 4369 τῳ)
1466 4300 1536 4374 πρὸς

370 4363 418 4429 τὴν
433 4369 548 4432 γυναῖκα
562 4365 616 4434 ἰδίῳ
629 4369 819 4436 διαλεγομένῳ.
849 4363 907 4423 κᾶν
925 4369 981 4421 όλί
984 4387 1043 4436 γον
1060 4369 1113 4422 κτὲ
1130 4371 1161 4422 τί.
1175 4371 1279 4424 Neoclis
1293 4379 1453 4438 praeceptum
1466 4374 1482 4438 ᾖ
1496 4373 1534 4422 25.
