3538 5212
667 457 709 466 -
756 419 860 485 LXXI
907 457 947 467 —

224 600 399 674 ltu-120,
425 599 602 669 126-128,
627 599 802 670 147-154,
826 598 1388 670 156-’157,166-168,170-185,

224 704 390 767 192-194
400 705 421 776 ¹,
446 701 515 774 198,
540 700 1115 774 293-296,216-220,223--228,
1140 700 1210 773 236,
1234 700 1305 762 239.

308 807 391 868 Haud
414 805 524 866 multae
545 814 644 884 partes
659 805 809 884 Epitomes
832 811 954 874 restant,
977 823 1050 882 quae
1066 803 1153 864 certis
1169 805 1205 865 de
1221 803 1317 864 causis
1340 803 1390 864 uni

223 931 257 972 ex
286 909 379 972 tribus
403 908 524 970 Cornuti
549 909 716 970 auctoribus
739 907 859 969 attribui
880 925 940 968 non
963 907 1086 987 possint,
1114 916 1143 968 et
1164 907 1246 968 valde
1268 906 1389 968 dubium

222 1022 276 1086 est,
299 1031 372 1073 num
394 1013 450 1072 hae
472 1031 574 1073 omnes
597 1031 613 1072 a
636 1012 766 1072 Cornuto
788 1010 853 1091 ipso
877 1012 1001 1090 scriptae
1024 1010 1092 1071 sint.
1131 1011 1197 1072 inde
1213 1010 1391 1090 intellegitur

223 1116 386 1178 Cornutum
416 1115 509 1194 magis
536 1115 565 1176 id
593 1123 753 1195 spectasse,
788 1123 822 1175 ut
848 1113 929 1175 utilia
958 1113 1157 1192 antiquiorum
1185 1121 1338 1194 praecepta
1361 1113 1391 1173 in

221 1221 323 1280 Artem
349 1237 432 1280 suam
461 1219 608 1298 colligeret
634 1235 721 1298 quam
753 1226 787 1278 ut
814 1237 868 1278 suo
896 1227 989 1279 marte
1018 1224 1171 1296 praecepta
1199 1217 1290 1277 daret.
1334 1235 1391 1295 qua

222 1341 254 1382 re
281 1322 366 1383 nohis
394 1321 541 1382 5666566
567 1321 661 1401 pluris
687 1321 859 1383 aestimatur
889 1330 919 1382 et
945 1319 1058 1382 auctori
1086 1337 1220 1398 magnam
1249 1320 1392 1382 habemus

223 1427 354 1505 gratiam,
378 1425 457 1504 6666
480 1432 524 1486 161
546 1431 701 1504 166166666
723 1433 822 1505 666166
844 1425 951 1486 artium
975 1422 1153 1485 rotariorum
1177 1423 1310 1484 servavit.

518 1651 579 1726 DE
606 1649 813 1726 RATIONE
839 1647 1096 1726 nutricius,

308 1787 370 1849 Hoc
382 1787 468 1848 nohis
480 1786 700 1867 proposuimus,
717 1795 751 1847 ut
762 1796 792 1847 et
803 1785 926 1847 Cornuti
937 1785 1015 1848 Artis
1027 1785 1192 1867 Epitomen,
1202 1807 1283 1878 6666
1295 1786 1394 1850 666166

222 1893 245 1953 P
269 1891 448 1964 continetur,
469 1909 558 1969 quam
581 1889 852 1952 emendatissimum
876 1889 1030 1950 ederemus
1053 1901 1082 1951 et
1104 1891 1251 1969 quomodo
1274 1889 1394 1952 656616

223 1996 402 2076 discreparet
413 1993 540 2056 editione
551 2003 651 2054 nostra
664 2013 752 2074 quam
764 1993 924 2073 plurimum
938 1999 1178 2075 patefaceremus
1195 2013 1252 2073 qna
1264 1996 1393 2057 decausa

223 2100 253 2160 in
269 2099 413 2179 Epitoma,
437 2097 605 2178 ubicunqne
621 2097 699 2158 Artis
721 2106 819 2178 partes
841 2097 877 2158 ab
893 2098 1086 2178 epitomatore
1102 2096 1226 2159 omissas
1242 2117 1306 2160 esse
1322 2117 1394 2160 con-

223 2211 282 2263 stat
297 2201 436 2282 (61662,
453 2202 494 2276 5),
517 2199 604 2262 56166
622 2200 700 2261 modi
714 2200 832 2262 lacunas
848 2199 967 2262 insertis
983 2201 1097 2262 lineolis
1114 2205 1168 2274 (—-
1181 2237 1220 2244 —
1232 2202 1287 2280 -)
1302 2201 1394 2280 signi-

223 2305 384 2366 ficavimus.
415 2323 518 2365 omnes
536 2303 683 2384 Epitomcs
705 2313 813 2384 partes,
836 2323 908 2383 ques
931 2305 967 2366 ab
990 2304 1182 2384 epitomatore
1202 2305 1394 2385 transpositas

223 2428 287 2469 esse
302 2409 493 2486 cognovimus
510 2409 555 2489 (ut
571 2411 607 2483 66
620 2407 648 2483 3,
665 2407 729 2483 36),
750 2427 765 2468 6
782 2407 903 2470 sinistro
919 2408 1050 2488 margine
1066 2407 1279 2488 aliquantulum
1295 2428 1394 2470 remo-

222 2511 328 2574 vimus.

308 2617 351 2676 Ad
364 2615 450 2676 verba
462 2616 611 2696 Epitomes
627 2615 809 2677 emendanda
821 2624 955 2695 excerpta
967 2615 1118 2696 Epitomes
1130 2625 1160 2676 et
1171 2625 1304 2696 excerpta
1316 2617 1394 2678 Artis

224 2719 352 2780 multum
366 2721 498 2779 conferre
507 2719 773 2798 comprobavimus.
791 2720 887 2798 itaque
896 2719 1045 2798 Epitomes
1052 2719 1148 2780 verbis
1156 2717 1394 2798 subscripsimus,

224 2841 298 2900 quae
320 2821 491 2902 paragraphi
514 2821 577 2882 6166
600 2841 666 2882 cum
691 2822 865 2902 quibusdam
883 2821 1032 2902 Epitomes
1055 2823 1199 2902 excerptis
1215 2821 1297 2902 (ΕΡ),
1320 2842 1395 2902 6666

224 2945 290 2987 cum
315 2925 490 3005 quibusdam
507 2925 584 2986 Artis
607 2926 752 3005 excerptis
768 2925 841 3000 (ΑΒ)
866 2925 1078 3004 comparandae
1097 2936 1205 2987 essent.
1236 2945 1309 3004 quos
1324 2925 1395 3006 Epi·

224 3039 319 3090 tomes
342 3030 421 3090 locos
443 3027 474 3088 in
491 3029 513 3088 P
535 3028 721 3090 librariorum
740 3028 824 3108 eulpa
840 3028 1012 3109 depravatos
1027 3027 1189 3090 secundum
1208 3039 1329 3108 utraque
1345 3049 1396 3090 ex-

224 3141 321 3213 cerpta
331 3133 542 3204 amaverimus,
554 3133 583 3193 in
593 3133 734 3213 adparatu
745 3131 845 3194 critico
855 3132 1069 3194 adnotavimus.
1086 3135 1248 3194 ineundem
1257 3133 1396 3195 lectiones

222 3234 301 3294 Artis
324 3243 529 3313 excerptorum
553 3255 569 3296 a
591 3235 614 3296 P
638 3235 835 3316 discrepantes
858 3235 1024 3316 recepimus
1047 3236 1089 3296 eis
1112 3237 1192 3310 losio,
1215 3236 1322 3316 661566
1345 3248 1397 3298 661

225 3335 351 3397 66511661
366 3346 473 3416 661661,
489 3347 555 3400 6166
570 3338 655 3400 166116
671 3339 860 3419 praeferenda
877 3339 915 3400 sit
929 3339 1081 3413 tutE51c
1094 3341 1192 3415 4710),
1208 3347 1259 3400 aut
1272 3339 1397 3418 genuina

224 3494 336 3544 cunctati
354 3509 449 3557 snmus,
467 3495 536 3544 inter
555 3492 694 3557 fragmenta
714 3495 789 3544 huius
808 3495 922 3545 rhetoris
941 3495 1106 3546 numerandas
1126 3509 1183 3544 esse
1202 3494 1297 3544 duabus
1315 3495 1398 3544 retio-

224 3563 297 3611 nibus
317 3563 501 3628 comprobatur.
536 3578 599 3629 quae
618 3563 684 3612 enim
702 3559 735 3628 66
754 3564 795 3626 54,
816 3565 847 3612 55
871 3564 901 3612 66
925 3565 1062 3624 generibus
1084 3563 1241 3613 narrationis
1266 3565 1397 3626 docentur,

223 3631 289 3680 5666
314 3645 373 3680 6666
396 3631 551 3683 adverbum
575 3647 630 3680 cum
648 3631 778 3682 Cornificii
797 3639 823 3681 61
842 3631 974 3682 Ciceronis
993 3631 1153 3697 expositione
1172 3631 1334 3682 consentiunt
1351 3629 1395 3693 (61.

225 3700 430 3750 commentarium
449 3702 478 3748 ad
498 3701 543 3750 has
562 3698 613 3764 66).
648 3700 760 3766 66116666
783 3707 866 3750 autem
886 3698 989 3750 Cornuti
1008 3701 1081 3750 Artis
1104 3706 1200 3766 partes,
1224 3715 1287 3764 6666
1310 3700 1396 3748 eodo·

224 3769 297 3817 modo
316 3783 370 3817 eum
387 3769 442 3818 illis
454 3768 601 3818 rhetoribus
615 3767 732 3818 Romanis
745 3769 901 3833 conspirant,
919 3768 1023 3819 Neoclis
1037 3783 1092 3818 6666
1105 3775 1205 3819 6666161
1217 3767 1259 3828 (cf.
1274 3783 1398 3818 commen·

224 3837 317 3886 tarium
336 3839 366 3886 ad
386 3835 419 3901 66
433 3837 533 3887 65-68
552 3843 577 3886 61
595 3835 652 3886 adu.
665 3835 712 3886 LX
726 3840 757 3900 a).
795 3843 929 3902 practerea
947 3837 973 3886 in
991 3835 1050 3901 661
1071 3837 1157 3886 eadem
1175 3836 1398 3900 66116665156166,

225 3905 330 3970 666616
349 3903 435 3970 6112,
454 3913 482 3954 61
500 3905 606 3970 primum
626 3905 755 3954 sententia
772 3906 925 3970 quorundam
944 3906 1083 3969 rhetorum,
1102 3905 1145 3970 qui
1164 3906 1310 3970 pronomine
1328 3920 1399 3960 τινες

225 3974 410 4034 significantur,
434 3981 584 4040 exponatur,
607 3981 658 4022 turn
681 3973 738 4038 qnid
762 3974 816 4038 alii,
834 3974 882 4038 'qni
905 3973 951 4023 sub
969 3973 1048 4024 verbo
1067 3987 1138 4042 φασι
1159 3973 1248 4034 161661,
1272 3974 1303 4022 66
1326 3973 1398 4022 illam

226 4039 382 4090 refutandam
401 4042 523 4104 dixerint,
542 4040 681 4092 adferatur.
716 4039 732 4106 6
747 4041 796 4091 112
814 4048 897 4090 autem
909 4042 1014 4092 Neoclis
1028 4057 1084 4092 6666
1096 4057 1173 4108 66666
1187 4057 1208 4106 p.
1223 4040 1282 4092 LIX
1295 4043 1397 4091 demon-

226 4110 373 4159 stravimus.
404 4125 483 4174 neque
497 4109 742 4170 1611666651166666,
759 4110 818 4174 quin
832 4117 886 4159 tota
900 4109 1030 4174 Epitomes
1043 4126 1101 4176 pars
1113 4109 1157 4175 (66
1170 4109 1282 4174 53-61)
1294 4109 1398 4161 Neoclis

226 4179 270 4227 sit.
307 4192 367 4238 ergo
386 4177 533 4227 Alexander
552 4180 628 4226 etiam
647 4178 734 4226 verbis
752 4176 814 4242 662
833 4177 953 4229 Neoclern
973 4179 1137 4244 impugnavit.

295 4243 508 4310 166192--194
533 4246 621 4297 Neocli
646 4246 844 4309 adsignavimus,
867 4247 924 4312 6616
948 4247 1050 4296 eundern
1074 4254 1212 4308 auctorem,
1235 4247 1277 4312 qui
1302 4246 1397 4296 similia

226 4315 256 4363 dc
276 4315 419 4364 oeconomia
439 4314 659 4379 recapitulationis
679 4321 705 4365 et
723 4312 865 4365 adfectuum
882 4323 1016 4381 praccepta
1029 4313 1071 4379 (66
1085 4315 1227 4382 tlt-213,
1240 4316 1301 4379 239)
1321 4315 1398 4378 66611,

226 4382 287 4432 11166
313 4398 408 4447 666666
427 4381 460 4448 66
479 4383 616 4449 scripsisse
636 4390 662 4432 ct
680 4381 863 4446 Quintilianum
882 4384 986 4449 primam
1006 4399 1090 4433 earum
1110 4384 1203 4446 legisse
1222 4384 1278 4436 veri
1296 4383 1397 4434 similli-

225 4467 293 4500 mum
312 4457 352 4499 est
370 4449 413 4511 (61,
432 4452 639 4502 commentarium
657 4453 687 4500 ad
706 4449 804 4516 6192).
