3536 5208
659 449 701 457 -
749 411 854 477 XLIII
900 449 941 456 —-

219 594 249 648 et
279 591 315 663 ἐξ
337 587 469 651 37ν-391
495 591 681 669 respondent.
738 591 860 652 Cornuti
884 589 963 650 Artis
995 598 1117 670 partem,
1149 609 1206 670 qua
1240 590 1274 651 de
1295 585 1384 662 τάξει

219 692 361 772 prooemii
383 692 531 771 agebatur,
553 691 589 754 ab
611 694 802 773 epitomatore
818 695 966 765 omissam,
983 693 1019 754 ab
1034 693 1081 753 llS
1097 701 1194 754 autem
1211 692 1386 774 descriptam

220 813 284 856 esse
307 813 394 874 supra
417 794 584 856 statuimus.
634 795 761 857 dubitari
787 797 876 876 igitur
902 795 1012 875 nequit,
1043 795 1114 874 quin
1137 797 1173 856 ab
1195 797 1387 877 epitomatore

220 905 323 976 quarta
338 917 456 977 quoquo
471 917 548 978 pars,
570 898 601 959 iu
623 918 679 977 qua
702 900 833 978 quaestio
856 898 1072 972 instituebatur,
1095 899 1318 979 prooemiumue
1341 900 1386 960 di-

220 1000 279 1061 vidi
301 1011 411 1081 posset,
434 1001 528 1064 excisa
550 1009 580 1062 et
600 1000 654 1061 bae
677 1011 816 1080 quattuor
837 1011 934 1082 partes
956 1001 1044 1082 primi
1066 1003 1101 1063 de
1123 1001 1291 1064 inventione
1313 1001 1387 1064 tomi

221 1103 298 1184 apud
321 1103 484 1166 Comutum
507 1105 632 1166 eundem
656 1104 788 1166 ordinem
812 1115 900 1184 atque
921 1106 1132 1184 respondentes
1154 1112 1251 1186 partes
1267 1106 1387 1166 secundi

221 1206 294 1268 torni
317 1216 433 1268 secutae
455 1206 523 1268 sint
574 1225 609 1267 ex
636 1227 694 1287 quo
721 1207 900 1286 intellegitur
920 1207 1069 1288 Epitomes
1099 1209 1187 1270 verba
1210 1207 1293 1282 §36,
1316 1227 1390 1287 quae

222 1310 299 1390 apud
324 1311 487 1372 Cornutum
515 1329 582 1372 cum
613 1313 676 1372 eius
704 1312 740 1372 de
762 1310 925 1372 differentia
952 1310 1096 1390 prooemii
1117 1319 1147 1372 et
1168 1309 1272 1390 epilogi
1295 1310 1390 1372 verbis
1438 1329 1444 1344 ¹

221 1414 385 1476 cohaesisse
407 1414 599 1495 sumpsimus,
621 1433 680 1476 non
704 1433 791 1476 suum
815 1415 912 1475 locum
937 1413 1043 1475 bebere
1066 1414 1117 1474 sed
1140 1414 1176 1474 ab
1199 1412 1391 1493 epitomatore

222 1536 266 1591 co,
289 1517 339 1578 nbi
362 1517 416 1579 alia
438 1519 620 1591 resecuisset,
645 1520 783 1580 translata
806 1537 879 1580 esse.

307 1622 340 1682 ln
373 1620 521 1702 Epitomes
560 1630 657 1702 parte,
695 1640 769 1701 quae
806 1623 841 1683 de
875 1619 1130 1700 praetermissione
1163 1618 1305 1700 prooemii
1337 1626 1390 1692 est,

221 1723 349 1803 primum
371 1733 558 1804 praeceptum
582 1725 668 1786 datur
686 1744 747 1786 non
769 1743 885 1805 semper
903 1723 1086 1803 prooemium
1102 1722 1268 1784 laciendum
1285 1739 1348 1783 esse
1363 1729 1392 1782 et

222 1833 361 1905 quattuor
388 1845 492 1888 causae
517 1827 661 1906 prooemii
690 1826 943 1908 praetermittendi
970 1835 1182 1892 enumerantur
1203 1829 1239 1900 ἐξ
1255 1824 1389 1886 22-25.
1496 1835 1501 1846 ’

222 1938 253 1990 et
284 1929 523 2009 quadripartitio¹
557 1939 587 1991 et
619 1930 705 1992 rerba
739 1930 837 2002 ltu„
872 1947 946 2009 quae
979 1929 1015 1989 ad
1047 1928 1160 1990 Neoclis
1193 1928 1391 1990 definitionem

222 2032 364 2112 prooemii
397 2051 485 2112 supra
515 2041 666 2095 tractatam
694 2033 865 2115 respiciunt,
897 2031 1066 2094 testimonio
1097 2041 1168 2094 aunt
1196 2032 1268 2093 baec
1295 2030 1392 2091 omnia

222 2135 322 2196 Neocli
344 2135 451 2198 deberi.
496 2144 558 2198 tum
576 2146 765 2216 praeceptum
776 2136 1048 2216 Apollodoreorum,
1062 2143 1096 2196 ut
1111 2153 1227 2215 semper
1241 2133 1392 2215 prooemio

223 2237 366 2298 utendum
400 2238 447 2311 sit,
480 2238 620 2312 adfertur,
654 2239 732 2318 quod
765 2239 944 2302 errationes
966 2238 1002 2302 ab
1024 2237 1081 2300 illis
1103 2239 1213 2300 adlatae
1240 2247 1270 2300 et
1290 2257 1391 2300 carum

223 2343 415 2404 refutationes
430 2341 466 2402 ab
478 2343 640 2404 Alexandro
656 2342 781 2423 scriptae
796 2351 960 2420 sequuntur
975 2342 1154 2417 §gau-35.
1177 2342 1264 2403 verba
1275 2343 1392 2423 Apollo-

224 2445 379 2506 doreorum
403 2453 432 2506 et
453 2445 617 2520 Alexandri,
641 2445 748 2528 quibus
777 2445 813 2506 de
840 2445 983 2524 prooemii
1010 2445 1265 2524 praetermissione
1287 2445 1391 2524 agitur,
1475 2479 1477 2484 ·

224 2549 260 2610 ab
282 2547 472 2629 epitomatore
495 2557 606 2610 resecta
629 2568 693 2610 esse
715 2568 775 2612 uno
797 2549 861 2610 loco
883 2547 913 2608 iu
936 2549 1091 2628 propatulo
1115 2557 1168 2610 est.
1223 2568 1291 2610 cum
1314 2549 1392 2610 enim

224 2653 398 2726 Alexander,
425 2652 489 2730 qui*
503 2663 658 2734 postquam
685 2652 826 2734 principia
854 2651 1087 2714 adversariorum
1117 2651 1265 2714 doctrinae
1292 2653 1392 2732 paucis

225 2755 414 2837 impugnavit,
443 2755 556 2834 singula
583 2765 755 2836 argumenta
781 2773 883 2816 eornm
914 2754 950 2814 ab
982 2755 1084 2816 infimo
1111 2755 1252 2835 incipiens
1279 2755 1392 2827 refellit,

226 2859 399 2920 scnwntiam
423 2858 493 2932 πῶς
519 2855 597 2941 (ἀν>
616 2855 729 2940 ἡμῖνὴ
746 2853 898 2940 διήγησις
912 2855 1141 2939 παραδεχθείη
1158 2855 1201 2939 μή
1217 2879 1394 2938 προπαρα-

226 2963 447 3043 σκεοασμένοο
469 2961 527 3023 τοῦ
549 2957 711 3044 ἀκροατοῦ
733 2963 780 3044 τῷ
801 2963 968 3044 προοιμίῳ
991 2959 1076 3041 πρὸς
1097 2959 1153 3042 τὴν
1175 2955 1276 3044 ἀκοήν
1290 2979 1393 3040 aggre-

227 3065 322 3126 diatur
344 3063 427 3140 §35,
450 3055 594 3126 eiusmodi
616 3065 760 3126 sententia
782 3064 858 3127 inter
873 3063 1132 3144 Apollodoreorum
1149 3073 1320 3143 argumenta
1342 3064 1392 3124 de-

227 3168 381 3229 sideratur.
425 3177 569 3246 quantum
592 3169 622 3229 in
645 3169 700 3230 hac
721 3180 804 3249 parte
820 3168 994 3248 epitomator
1009 3167 1045 3228 ab
1060 3167 1138 3229 Artis
1155 3167 1276 3230 Cornuti
1298 3167 1394 3230 verbis

227 3271 395 3334 discesserit
416 3272 503 3332 statui
526 3291 585 3334 non
607 3281 712 3353 potest.

291 3375 414 3436 Cornuti
435 3375 514 3437 Artis
547 3377 582 3437 de
604 3355 697 3447 τάξει
716 3375 859 3456 prooemii
880 3383 1003 3455 partem,
1031 3393 1105 3456 quae
1128 3372 1281 3434 Alexandri
1314 3375 1392 3433 refu-

229 3479 368 3540 tationem
392 3478 652 3558 Apollodoreorum
675 3479 710 3540 de
732 3477 875 3560 prooemii
902 3496 959 3540 usu
981 3477 1128 3560 praecepti
1150 3475 1323 3555 excipiebat,
1348 3474 1394 3536 HS

228 3581 371 3663 excerpsit
393 3581 429 3642 W
441 3582 490 3644 Vll
506 3583 545 3646 53
560 3614 625 3653 μοι
639 3582 724 3642 =Vl
740 3581 801 3642 512
824 3581 889 3642 adn.
906 3582 946 3640 44
968 3578 1004 3642 τά
1029 3581 1208 3661 προοίμιον
1230 3577 1313 3640 κατὰ
1335 3575 1395 3660 μὲν

228 3680 611 3766 τοάςἎπολλοάωρείοος
626 3685 684 3768 τὴν
699 3681 831 3768 πρώτην
845 3679 939 3755 τάξιν
953 3683 1009 3744 τοῦ
1025 3679 1123 3760 λόγου
1139 3680 1264 3760 ἐπέχει·
1289 3680 1319 3742 εἰ
1333 3677 1395 3760 γάρ

230 3789 407 3872 προσοχῆς,
432 3784 527 3866 φασί,
550 3789 615 3850 τῶν
638 3783 823 3850 ἀκουόντων
845 3783 915 3847 ἐστὶ
931 3783 1106 3868 ποιητικὸν
1121 3784 1204 3867 πρὸς
1219 3781 1260 3846 τά
1274 3782 1395 3866 λεχθῆ-

230 3911 284 3954 ναι
306 3891 390 3973 μετὰ
409 3890 512 3954 ταῦτα
535 3885 724 3972 ὀφείλοντα,
749 3890 842 3952 πάσα
864 3880 988 3970 ἀνάγκη
1011 3883 1090 3950 αὐτὸ
1114 3885 1178 3970 πρὸ
1200 3887 1266 3950 τῶν
1288 3882 1395 3952 ἄλλων

299 4077 488 4144 l{lueritopore
510 4077 619 4129 Neocles
646 4076 863 4144 quadripartiendi
889 4076 1019 4125 studiosus
1046 4075 1132 4138 fuerit,
1160 4074 1247 4140 paucis
1272 4073 1395 4138 exemplis

231 4147 398 4198 illustremus.
433 4148 576 4200 Stoicorum
599 4146 853 4212 quadripertitionem
874 4142 1016 4194 adfectuum
1034 4143 1148 4194 adhibuit
1166 4142 1254 4208 5224,
1277 4148 1397 4207 quattuor

232 4229 321 4266 canoas
347 4215 529 4280 propositionis
552 4230 612 4264 nsua
636 4215 794 4264 enumeravit
815 4211 848 4279 ἐξ
869 4212 1009 4271 tua-165,
1037 4217 1156 4276 quattuor
1179 4213 1278 4277 species
1300 4209 1397 4274 recapi-

231 4284 366 4334 tulationis
384 4283 483 4333 invonit
495 4283 510 4347 ξ
524 4283 580 4344 214,
599 4289 718 4348 quattuor
729 4297 771 4332 rcs
784 4282 832 4332 line
845 4281 1031 4344 comprehendi,
1043 4286 1163 4342 quattuor
1174 4281 1196 4328 ei
1208 4281 1396 4346 παρακείμενα

232 4367 288 4402 esse
307 4353 371 4404 dixit
388 4351 404 4416 ξ
419 4351 474 4418 172,
493 4358 614 4413 quattuor
632 4352 712 4402 modis
730 4347 761 4400 τὸ
780 4350 921 4419 συμφέρον
938 4365 952 4398 c
970 4350 1042 4398 bonis
1061 4355 1086 4396 et
1104 4347 1177 4398 malis
1196 4347 1252 4398 lieri
1264 4347 1396 4397 contendit

232 4419 248 4486 ᾖ
262 4419 318 4484 180,
336 4437 382 4488 qna
395 4436 424 4470 re
437 4421 467 4469 ah
481 4419 595 4470 omuibus
609 4421 669 4475 aliis
682 4419 826 4474 rhetoribus
840 4419 969 4484 discrepat
980 4416 1023 4480 (cs.
1037 4417 1241 4472 commentarium
1254 4416 1284 4466 ad
1297 4414 1313 4480 ξ
1326 4415 1394 4478 180).
