3536 5208
678 377 925 442 ...qu-

220 553 357 624 roludat
371 555 552 634 προοίμιον
566 555 771 633 respondebat,
792 563 821 616 et
835 557 1017 618 enumeratio
1031 565 1169 636 quattuor
1184 561 1380 624 narrationem

223 656 474 736 praetermittendi
496 675 650 734 causarum
674 659 723 738 (ξ)
742 659 921 740 117—120)
943 661 1133 741 occupabant.
1165 681 1254 742 quam
1276 664 1324 724 illa
1347 665 1382 726 de

221 759 383 821 differentia
412 757 591 842 διηγήσεως
617 767 647 820 et
675 759 904 836 καταστάσεως
932 762 1017 824 verba
1046 767 1075 839 (ᾗ
1099 764 1173 848 112)
1196 775 1295 849 secuta
1317 785 1382 828 esse

222 861 383 936 sumimus,
415 863 523 944 quippe
555 881 628 942 quae
654 882 708 943 pro
734 865 892 945 appendice
917 866 1064 946 praecepti
1102 868 1202 940 §119
1233 869 1383 951 φανερῶν

222 961 325 1028 ὄντων
357 965 422 1028 τῶν
454 961 654 1048 πραγμάτων
680 965 834 1048 περιττὸν
859 965 896 1030 τὸ
930 965 1126 1050 διηγεῖσθαι
1155 970 1287 1032 habenda
1314 971 1382 1034 sint.

221 1088 288 1130 nam
312 1073 330 1144 ᾖ
349 1069 408 1130 112
432 1065 700 1140 teudorosenam
723 1066 883 1152 προβολή,
906 1071 931 1132 si
952 1090 1000 1133 res
1022 1081 1137 1152 apertae
1161 1072 1230 1145 sint,
1253 1074 1384 1136 adhiberi

222 1181 252 1234 et
273 1173 335 1233 vice
357 1170 532 1233 narrationis
554 1171 637 1250 fungi
659 1171 826 1234 dicuntur1.
870 1192 904 1234 eo
926 1173 1023 1253 igitur,
1051 1175 1130 1254 quod
1152 1176 1223 1237 baec
1244 1177 1330 1239 verba
1352 1177 1384 1240 in

220 1274 354 1354 Epitoma
380 1273 639 1353 Apollodoreorum
670 1276 705 1336 de
732 1275 907 1338 narrationis
934 1296 991 1338 usu
1018 1286 1205 1359 praeceptum
1234 1286 1382 1354 anleeunt,

221 1378 411 1439 confirmatur
433 1375 546 1438 Neoclis
575 1379 826 1441 enumerationem
850 1389 989 1460 quattuor
1021 1383 1219 1443 narrationem
1252 1391 1383 1462 praeter-

223 1480 358 1541 mittendi
385 1497 559 1555 causarum,
587 1501 675 1561 quam
706 1482 762 1544 illis
788 1483 885 1544 verbis
908 1484 1099 1546 antecessisse
1122 1493 1235 1548 certum
1259 1495 1320 1560 est,
1348 1487 1384 1548 ab

221 1586 413 1664 epitometcre
443 1601 496 1644 sua
526 1581 593 1643 sede
620 1591 763 1646 remotam
790 1595 819 1646 et
845 1585 923 1648 iuter
950 1587 1103 1649 Alexandri
1129 1589 1217 1650 verba
1242 1589 1383 1651 insertam

221 1705 294 1749 esse.
326 1685 444 1767 ,prioris
471 1684 562 1765 partis
591 1686 720 1747 secundo
748 1687 812 1750 loco
840 1690 1099 1769 Apollodoreorum
1121 1701 1323 1772 praeceptum,
1352 1701 1385 1754 ut

221 1809 338 1870 semper
368 1797 551 1861 narraretur,
585 1807 652 1850 cum
681 1791 844 1854 rationibus
874 1793 962 1858 huius
991 1793 1139 1874 praecepti
1167 1795 1295 1873 positum
1322 1806 1385 1859 erat

221 1896 270 1969 (ᾖ)
288 1877 491 1973 113ὲ115),
526 1891 612 1954 tertio
634 1893 789 1956 Alexandri
815 1896 994 1959 contrarium
1027 1905 1214 1978 praeceptum
1247 1906 1277 1959 et
1302 1901 1350 1962 rel
1369 1933 1384 1949 ψ

221 1999 346 2058 tationes
367 1997 483 2060 illarum
505 1995 651 2057 rationum
676 1999 705 2070 (ξ
722 1997 791 2070 116,
816 2003 853 2074 ξ)
870 1999 1059 2082 121-123).

219 2099 392 2179 posterioris
433 2099 524 2181 partis
559 2098 642 2159 initio
680 2099 795 2162 Neoclis
832 2112 1037 2182 praeceptum,
1082 2112 1116 2164 ut
1154 2102 1283 2164 narratio
1324 2121 1383 2164 non

221 2221 337 2283 semper
362 2212 430 2282 post
457 2201 642 2283 prooemium
668 2202 719 2264 sed
745 2203 813 2264 alibi
842 2205 897 2266 alio
923 2205 987 2266 loco
1014 2205 1219 2280 collocaretur,
1252 2214 1282 2267 et
1309 2225 1384 2268 enu÷

221 2306 343 2372 meratio
359 2307 487 2386 quinque
501 2305 633 2366 locorum
650 2305 702 2384 (ξ)
719 2306 899 2387 126-128)
914 2309 1007 2370 adlata
1023 2319 1093 2370 erat.
1126 2327 1214 2389 quam
1226 2309 1384 2389 Apollodo-

221 2428 340 2480 reorum
368 2411 403 2470 de
429 2410 493 2472 loco
519 2408 695 2470 narrationis
717 2409 805 2472 verba
828 2415 857 2486 (b
875 2411 948 2490 124)
976 2411 1184 2490 sequebantur.
1229 2413 1385 2496 Alexandri

220 2521 417 2592 praeceptum,
441 2523 474 2574 ut
495 2512 623 2574 narratio
646 2531 706 2572 non
729 2513 824 2574 solum
847 2523 915 2575 ante
930 2516 1212 2592 argumentationem
1230 2516 1279 2576 sed
1295 2515 1382 2579 etiam

219 2616 251 2676 in
266 2681 268 2687 ,
283 2617 534 2694 argumentatione
566 2616 629 2696 ipsa
659 2623 831 2696 poneretur,
865 2625 895 2678 et
921 2617 1076 2678 Alexandri
1109 2619 1238 2699 repulsio
1269 2638 1381 2695 eorum,

220 2719 271 2798 qui
289 2721 338 2791 ¹vel
359 2727 427 2798 post
448 2719 732 2798 argumentationem
755 2719 829 2800 etin
845 2719 957 2800 epilogo
972 2720 1084 2782 narrari
1099 2706 1234 2782 volebant
1256 2724 1304 2798 (ξ)
1323 2722 1382 2785 129

220 2821 357 2900 -131),
379 2821 410 2882 iu
433 2832 563 2883 extrema
585 2823 639 2882 hac
661 2831 744 2902 parte
765 2830 836 2883 erat.

257 2985 260 2994 ,
303 2924 368 2989 Uno
390 2925 455 2986 luco
477 2925 600 2986 duarum
624 2925 751 3005 partium
772 2924 894 2986 Cornuti
908 2924 997 2999 Artis,
1020 2945 1146 3006 quarum
1162 2926 1382 3008 dispositionem

219 3027 441 3108 epitomatorem
475 3028 663 3108 perturbasse
695 3027 836 3102 vidimus,
870 3029 996 3089 eundem
1026 3031 1168 3109 quaedam
1198 3030 1381 3093 omittentem

221 3131 479 3211 deprehendimus.
513 3132 715 3194 desiderantur
737 3131 815 3193 enim
838 3150 912 3212 quae
937 3131 1100 3194 Alexander
1120 3133 1381 3216 Apollodoreorum

220 3233 381 3304 sententiae
403 3234 426 3295 E
446 3233 486 3294 22
507 3267 520 3304 ³
546 3227 597 3296 ὅτι
621 3229 730 3308 οὐδεὶς
751 3234 817 3297 τῶν
839 3230 985 3318 ἀρχαίων
1007 3233 1134 3317 παρῆκε
1156 3233 1311 3319 διήγησιν
1332 3256 1382 3298 re-

220 3337 370 3417 sponderit
392 3337 442 3416 (cl.
466 3337 540 3412 §29
563 3346 592 3399 et
615 3337 712 3416 533).
745 3339 868 3419 plurane
890 3338 921 3398 in
943 3337 991 3399 his
1013 3337 1146 3417 partibus
1168 3347 1198 3400 et
1219 3339 1250 3400 in
1273 3340 1382 3402 duabus

218 3440 360 3521 proximis
393 3442 443 3521 (ἐξ
466 3439 540 3514 132,
566 3439 839 3517 133;134,135)
873 3441 968 3502 excisa
1000 3448 1170 3522 mutataque
1203 3442 1262 3504 siut
1294 3443 1383 3505 statui

219 3543 330 3623 nequit.

543 3717 626 3799 Περὶ
649 3712 805 3801 εὑρέσεως
826 3713 933 3800 τρίτος
955 3713 1061 3800 τόμος.

302 3832 443 3913 Excerpta
472 3832 560 3894 buius
587 3833 660 3894 tomi
681 3853 698 3895 a
720 3833 937 3896 definitionibus
959 3836 1118 3908 πίστεως,
1146 3855 1271 3916 quarum
1294 3836 1383 3898 altera

219 3955 362 4035 anonyma
385 3945 429 3998 est
452 3940 480 4012 (ξ
498 3935 569 4011 143)
578 3937 599 4009 ²,
622 3937 710 3998 altera
725 3937 881 3999 Alexandri
903 3955 1012 3999 nomen
1033 3957 1102 4019 prae
1124 3958 1155 4000 se
1177 3942 1235 4000 fert
1250 3943 1281 4016 (ξ
1298 3938 1381 4019 144),

268 4115 295 4174 ,1
314 4115 367 4165 Hac
384 4130 412 4166 rc
432 4113 551 4176 efficitur,
568 4120 597 4162 ut
614 4111 692 4178 §112
710 4113 801 4165 Neocli
819 4114 1000 4166 adscribamus.

222 4231 225 4236 .
286 4182 297 4215 ²
314 4185 396 4249 Supra
419 4197 451 4234 ex
469 4197 507 4243 eo,
530 4184 594 4248 quod
613 4197 749 4249 anonymos
767 4184 873 4234 membri
891 4191 917 4234 et
934 4185 1034 4250 periodi
1059 4184 1220 4235 definitiones
1241 4183 1273 4247 (ll
1292 4182 1383 4249 §eam

219 4252 324 4304 Cornuti
348 4265 404 4302 csse
427 4257 535 4313 constat,
557 4250 695 4302 Cornutum
712 4251 785 4302 Artis
804 4259 932 4303 auctorem
951 4268 1008 4303 esso
1027 4254 1205 4304 conclusimus.
1241 4269 1305 4302 uuuc
1323 4269 1383 4304 con-

218 4320 299 4379 traria
325 4319 454 4370 conclusio
479 4317 594 4369 socienda
616 4326 664 4369 est.
699 4335 753 4369 cnm
777 4320 916 4371 Cornutum
938 4321 1027 4370 Artem
1049 4323 1221 4387 composuisse
1244 4323 1382 4384 credamus,

219 4389 243 4438 ei
264 4403 413 4454 anonymam
436 4389 553 4444 πίστεως
575 4387 746 4438 definitionem
765 4389 929 4440 vindicamus.
963 4396 1042 4440 totum
1061 4391 1127 4440 euim
1144 4389 1160 4456 ἓ
1175 4389 1223 4443 143
1241 4391 1272 4440 ab
1289 4405 1338 4447 uno
1358 4397 1383 4442 et
