3536 5208
790 391 998 454 ,Π-

396 571 423 630 1.
457 568 604 650 Anonymi
631 569 732 652 Τέχνη
756 569 813 631 τοῦ
837 567 1012 632 πολιτικοῦ
1034 565 1146 646 λάχου,

394 672 423 732 2.
453 668 593 756 ’Λψίνου
616 671 692 754 περὶ
716 671 780 735 τῶν
802 669 1091 755 ἐσχηματισμένον
1113 669 1367 756 προβλημάτων,

394 775 423 836 3.
460 773 693 840 Μινουκιανοῦ
715 771 793 856 περὶ
815 771 1090 857 ἐπιχειρημάτων,

393 879 422 937 t.
453 872 593 961 ’Λψλνου
615 879 709 959 τέχνη
730 875 896 961 ῥητορική,
920 878 967 940 cui
982 881 1178 958 fragmentum
1195 877 1272 961 περὶ
1287 872 1477 961 ἐρωτήσεως

457 980 513 1042 καὶ
537 977 745 1063 ἀποκρίσεως
767 981 849 1063 (SpI
873 981 946 1061 165)
968 981 1114 1044 adnexum
1137 991 1191 1056 est,

393 1085 422 1144 5.
456 1079 655 1166 Μενάνδρου
678 1081 813 1167 ῥήτορος
836 1081 913 1166 περὶ
936 1081 1154 1166 ἐπιβατηρίου
1177 1093 1207 1146 et
1228 1084 1280 1146 alia
1304 1083 1475 1164 degeneris

458 1186 680 1248 demonstrativi
703 1187 856 1268 speciebus
879 1186 982 1267 capita.

306 1308 374 1351 cum
402 1308 470 1350 vero
503 1290 539 1351 ab
570 1289 633 1351 aliis
661 1290 695 1350 ad
726 1290 797 1352 alios
826 1289 917 1351 libros
945 1291 1072 1353 edendos
1098 1289 1246 1352 adbibitus
1276 1289 1476 1372 compluribus

306 1393 378 1454 locis
411 1391 575 1472 descriptus
602 1392 640 1453 sit
649 1393 669 1466 ¹,
698 1381 782 1454 nobis
809 1393 982 1455 brevissime
1004 1394 1039 1455 de
1067 1413 1102 1456 eo
1129 1413 1214 1474 agere
1240 1393 1316 1456 licet.
1361 1394 1476 1455 saeculo

306 1496 372 1557 XIII
395 1504 530 1557 exaratus
554 1495 650 1556 estin
675 1496 791 1558 chartae
814 1497 1005 1578 bombycinac
1026 1496 1104 1558 foliis
1123 1501 1234 1559 formae
1250 1506 1379 1577 quartae,
1402 1515 1476 1576 quae

307 1599 451 1679 scriptura
467 1599 539 1660 adeo
554 1607 694 1679 occupata
710 1607 789 1668 sunt,
807 1609 839 1660 ut
854 1599 1054 1680 angustissimi
1071 1600 1215 1680 margines
1231 1600 1476 1680 relinquerentur.

307 1721 397 1782 quare
431 1721 517 1783 saepe
550 1701 646 1782 parvis
680 1701 793 1764 laciniis
826 1703 963 1764 abscissis
996 1703 1149 1784 perierunt
1181 1703 1306 1765 summis
1338 1703 1475 1764 loliorum

307 1805 441 1868 versibus
478 1805 590 1886 aliquot
623 1805 709 1868 verba
748 1816 835 1886 atque
871 1806 902 1866 in
935 1806 1075 1867 extremis
1109 1806 1169 1868 oris
1202 1806 1332 1886 singulae
1364 1806 1477 1868 litterae

307 1909 429 1971 detritae
463 1920 542 1981 sunt,
576 1909 646 1970 dum
677 1909 797 1971 alternis
825 1909 938 1990 paginis
965 1909 1048 1971 limbi
1076 1910 1220 1972 chartacei
1248 1909 1477 1988 adglutinantur,

307 2013 415 2093 quibus
442 2012 514 2092 ipsis
544 2012 691 2074 Interdum
720 2013 879 2093 particulae
907 2012 1068 2092 scripturae
1090 2013 1277 2092 obteguntur.
1322 2012 1347 2073 is
1368 2022 1477 2083 autem,

307 2117 358 2196 qui
392 2115 537 2195 margines
570 2115 709 2176 chartulis
740 2116 874 2189 munivit,
907 2125 959 2177 aut
984 2116 1130 2196 posterior
1158 2117 1249 2178 lector
1277 2113 1477 2195 compluribus

307 2219 378 2282 locis
404 2220 576 2288 obscuratos
604 2219 710 2280 ductus
738 2219 849 2300 primae
880 2238 984 2280 manus
1011 2219 1138 2298 nigriore
1165 2228 1329 2282 atramento
1359 2227 1477 2280 secutus

308 2322 370 2384 est²
393 2331 423 2382 et
444 2321 584 2382 vocabula
607 2329 740 2384 truncata
763 2322 793 2384 in
816 2323 947 2384 chartula
970 2323 1106 2402 supplere
1129 2309 1290 2403 temptavit,
1314 2321 1423 2400 quain
1446 2339 1478 2382 re

308 2425 400 2486 semel
429 2424 554 2504 graviter
576 2423 711 2486 erravitt.
756 2425 857 2486 eodem
881 2426 945 2486 loco
968 2426 1126 2505 SeguerIns
1148 2425 1319 2488 incertiores
1341 2424 1478 2504 reliquias

220 2569 222 2575 .
308 2528 380 2590 ialso
408 2526 534 2588 reddidit
562 2535 591 2588 et
617 2527 694 2590 idem
718 2528 832 2610 saepius
856 2529 964 2590 erravit
985 2529 1014 2590 in
1038 2529 1219 2610 compendiis
1241 2527 1477 2609 interpretandis,

377 2791 603 2842 ¹Accuratissime
630 2807 645 2840 a
672 2791 794 2855 chuerIo
822 2793 839 2842 l.
860 2793 878 2842 l.
906 2794 982 2854 (idam
1008 2793 1039 2843 de
1067 2793 1154 2844 codice
1178 2791 1244 2844 1874
1270 2793 1347 2844 etiam
1373 2790 1427 2856 egit
1454 2792 1478 2841 in

308 2861 477 2912 Dmsertation
494 2875 541 2911 rur
559 2859 581 2910 le
591 2861 731 2927 fragmen
748 2859 778 2910 de
790 2858 890 2926 Longior
908 2861 1025 2912 Lutetiae
1044 2861 1116 2924 1838,
1135 2861 1179 2912 aad
1198 2862 1272 2912 buius
1290 2860 1480 2912 dissertationis

309 2930 483 2995 inspiciendae
516 2931 615 2979 occasio
647 2929 720 2978 nobis
754 2945 803 2978 non
835 2931 909 2994 luit),
944 2938 996 2980 tum
1026 2945 1040 2980 a
1072 2929 1149 2980 Balsio
1181 2932 1288 2998 Apsincsss
1317 2934 1340 2980 et
1371 2927 1483 2994 Longini

309 2997 443 3049 Rhetorica
462 2997 558 3047 Oxouii
578 2997 643 3048 1849
662 3013 685 3062 p.
704 2996 793 3060 XLIII,
819 2998 927 3063 denique
945 3016 958 3048 a
978 2999 1100 3050 liursiano
1123 2999 1148 3048 in
1172 2997 1330 3065 praelatione
1348 2997 1482 3048 Menandri

310 3067 430 3186 ppetlorppl
446 3081 526 3116 novae
549 3065 670 3117 editionis
694 3065 820 3117 Abbundl.
843 3066 889 3117 der
908 3065 963 3134 Ilgl.
982 3067 1061 3134 Bapr.
1078 3066 1157 3118 Acori.
1176 3067 1219 3118 der
1239 3064 1396 3117 Wiacenscb.
1415 3065 1477 3116 1881

373 3171 388 3234 ’8
407 3151 484 3253 Cipo.
506 3217 529 3265 g.
549 3219 572 3269 p.
586 3203 619 3252 50
632 3217 670 3254 aa:
690 3210 747 3268 post
766 3203 846 3254 verbu
863 3200 892 3252 τὸ
911 3201 970 3270 μὲν,
990 3203 1015 3254 in
1035 3219 1097 3268 quae
1116 3201 1161 3254 iol.
1177 3203 1223 3264 126
1242 3199 1481 3266 desinit‚lol.12'l,

312 3272 384 3322 cuius
407 3271 483 3321 initio
502 3278 557 3322 tres
578 3271 618 3320 vel
637 3277 757 3336 quattuor
775 3272 881 3322 litterae
900 3272 937 3322 ita
955 3278 1123 3335 evanuerunt,
1142 3278 1170 3322 ut
1187 3271 1234 3322 vix
1251 3272 1351 3321 incerta
1369 3271 1480 3332 vestigia

311 3341 425 3403 ultimae,
448 3354 512 3405 quaa
530 3341 544 3389 l
562 3337 643 3389 inisse
662 3341 774 3403 videtur,
798 3347 938 3404 manerent,
962 3355 995 3394 ον
1011 3358 1043 3390 ου
1061 3356 1170 3404 ποιητικ
1188 3339 1271 3408 ἔχουσ
1288 3347 1316 3389 et
1334 3339 1385 3390 uisi
1403 3336 1481 3388 lallor

315 3424 391 3475 supra
413 3407 527 3458 litteram
549 3419 567 3457 σ
591 3407 714 3473 reIIquias
739 3409 854 3476 syllabae
879 3425 913 3460 αν
931 3409 1071 3474 compendii
1090 3409 1200 3460 exhibet.
1236 3409 1341 3458 litterae
1358 3424 1374 3457 κ
1392 3414 1418 3458 et
1435 3405 1481 3473 ἕχο

312 3478 359 3528 illo
384 3477 497 3541 nigriore
520 3483 661 3526 atramento
680 3477 777 3542 acrIpta
795 3485 863 3538 aunt,
882 3478 926 3527 sed
944 3477 1045 3528 litteras
1065 3478 1159 3543 primae
1177 3493 1263 3528 manua
1283 3484 1351 3526 recte
1370 3475 1480 3542 repletas

312 3561 368 3596 esse
386 3544 558 3609 cognoscitur.
594 3545 731 3607 Seguerius
749 3552 831 3595 autem
850 3538 935 3612 άχους
952 3561 967 3596 a
985 3547 1093 3596 secunda
1111 3561 1184 3596 menn
1197 3546 1320 3611 scripturn
1332 3559 1388 3594 essa
1402 3558 1480 3608 neque

312 3615 426 3680 quaesit
444 3613 523 3664 lectio
541 3613 636 3679 primae
655 3627 750 3677 manus,
768 3615 910 3677 adnotavit,
927 3629 1005 3678 quare
1017 3614 1167 3680 Spengelius
1185 3610 1270 3681 άχους
1283 3613 1480 3663 additamentum

312 3683 438 3734 secundae
455 3697 543 3732 manns
560 3697 617 3732 essa
636 3689 706 3732 ratus
725 3682 819 3733 omisit.

381 3750 392 3784 ³
409 3749 435 3800 Iu
456 3748 519 3800 lolio
538 3750 621 3800 intimo
643 3750 689 3800 125
707 3752 784 3800 verba
803 3767 827 3816 p.
840 3749 872 3800 43
885 3765 911 3802 aa
929 3746 995 3800 κατὰ
1014 3748 1043 3802 δὲ
1060 3747 1091 3800 τά
1112 3746 1275 3816 στοχαστικά
1294 3749 1334 3815 ζη-
1352 3749 1481 3813 leguntur,

313 3821 339 3870 in
367 3833 461 3870 summo
486 3817 530 3869 lol.
546 3819 601 3880 128,
629 3819 702 3868 cuius
729 3826 842 3869 extrema
865 3818 992 3883 particula
1015 3818 1069 3868 iere
1094 3820 1202 3884 quinque
1224 3819 1327 3869 lttteras
1349 3819 1483 3868 continens

313 3888 428 3939 abscissa
454 3894 505 3950 est,
533 3894 591 3938 ante
616 3887 767 3937 vocabulum
790 3882 933 3953 χράσιμον
954 3887 1018 3936 nibil
1041 3888 1091 3937 nisi
1114 3886 1253 3950 fragmenta
1276 3887 1370 3953 primae
1394 3901 1481 3936 manua

314 3957 457 4022 scripturae
480 3955 656 4017 inveniuntur,
679 3955 749 4005 inter
771 3971 834 4021 quae
857 3954 959 4005 litteras
976 3972 1069 4011 τοις..
1088 3972 1104 4006 κ
1120 3994 1127 4007 .
1142 3994 1147 4005 .
1160 3972 1202 4040 pp.
1215 3973 1247 4023 ρο
1261 3991 1287 4006 ..
1307 3962 1333 4006 et
1351 3962 1408 4020 post
1425 3970 1483 4010 τοις

314 4025 439 4076 hastulam
462 4023 588 4089 obliquam
611 4023 776 4086 dignovimus.
813 4024 897 4088 itaque
921 4023 947 4072 in
970 4024 1087 4075 chartula
1109 4032 1136 4076 et
1152 4040 1257 4092 τηματα
1275 4023 1387 4076 additum
1406 4030 1433 4074 et
1450 4037 1483 4073 ex

314 4127 433 4180 frustulis
452 4129 520 4178 iuter
538 4143 594 4185 τοις
612 4135 638 4178 ot
655 4144 674 4196 χ
692 4127 834 4194 conspicuis
852 4107 866 4180 i
882 4107 969 4176 καλως
986 4128 1134 4180 restitutum
1152 4136 1201 4193 est,
1219 4143 1364 4197 quamquam
1382 4127 1483 4180 hastula

315 4198 396 4264 primo
419 4197 476 4247 loco
500 4205 600 4248 servata
624 4211 683 4263 pars
706 4197 811 4247 litterae
832 4212 847 4245 τ
869 4210 925 4246 esse
949 4213 996 4246 non
1016 4204 1107 4264 potest.
1142 4197 1279 4263 Seguerins
1296 4213 1325 4248 τε
1343 4197 1440 4262 recepit
1457 4202 1484 4245 et

315 4281 361 4332 pro
374 4264 495 4331 proximis
507 4263 687 4336 κατηγορικῶς
698 4265 853 4333 λεγομένοις
863 4265 958 4331 posuit,
971 4266 1035 4333 quod
1047 4265 1157 4332 spatium
1168 4266 1243 4332 louge
1256 4265 1363 4317 excedit.
1398 4273 1425 4314 at
1437 4264 1483 4314 illa

315 4334 416 4384 hastula
446 4333 552 4386 litterae
575 4351 596 4400 μ
619 4331 699 4384 luisse
726 4335 845 4398 videtur,
873 4349 951 4400 quare
973 4335 1038 4386 satis
1067 4341 1137 4388 corta
1160 4335 1303 4408 supplemus
1325 4335 1382 4390 τοῖς
1401 4329 1481 4401 μ<ὲν>

316 4395 593 4469 κ<ντ>τν<ὁ>οο<ω1
