3536 5208
673 410 920 474 —XLI—

220 588 403 650 enuntiatum
431 587 523 658 ua,
553 583 676 660 εἰδότες
704 585 766 670 γὰρ
801 584 833 649 oi
861 583 1032 660 ἀκούοντες
1059 586 1136 670 περὶ
1164 580 1208 650 ὧν
1235 580 1267 649 οὶ
1294 583 1386 666 λόγοι

221 686 457 772 εὐμαθέστεροι
472 685 663 772 γενήσονται
679 692 820 770 quaedam
837 690 933 752 excisa
948 710 1012 752 esse
1027 700 1115 772 patet,
1138 709 1205 752 nam
1223 691 1278 752 hoc
1292 710 1387 752 enun-

220 798 324 857 tiatum
344 795 487 856 rationem
511 792 672 854 sententiae
694 794 815 856 alicuius
836 794 1034 874 praecedentis
1056 795 1161 856 habere
1183 796 1388 856 coniunctione

221 897 283 978 γὰρ
305 897 458 958 indicatur.
496 904 525 957 at
546 915 619 974 quae
642 896 690 957 hic
711 896 803 958 deleta
826 895 885 957 sint
908 905 937 957 et
958 916 1032 976 quae
1053 897 1083 958 io
1104 897 1290 959 inferioribus
1305 917 1389 978 prae·

222 1000 312 1081 ceptis
336 1001 371 1062 ab
395 1000 584 1081 epitomatore
601 998 644 1059 vel
666 1000 791 1060 extincta
807 999 851 1060 vel
873 1009 984 1061 mutata
1006 1001 1075 1072 siut,
1097 1001 1185 1062 statui
1207 1020 1266 1062 non
1283 1009 1388 1080 potest,

223 1123 289 1166 cum
313 1122 400 1165 nemo
423 1104 498 1164 hano
520 1101 640 1163 Cornuti
662 1101 740 1162 Artis
763 1111 875 1182 partem
899 1103 1106 1182 compilaverit.

310 1206 444 1268 Proxima
473 1205 621 1285 Epitomes
650 1204 790 1284 particula
819 1209 854 1280 ἐξ
873 1205 920 1278 19,
937 1205 977 1267 20
1006 1206 1041 1267 de
1064 1207 1225 1268 differentia
1248 1205 1390 1288 prooemii

224 1319 253 1370 et
275 1309 379 1389 epilogi
402 1318 455 1370 est.
508 1327 574 1369 cum
603 1327 644 1379 ea,
674 1327 748 1387 quae
771 1309 807 1368 de
828 1308 883 1370 hac
910 1327 943 1370 re
965 1309 995 1370 in
1018 1310 1140 1372 Cornuti
1161 1311 1231 1370 Arte
1253 1311 1389 1390 legeban-

223 1421 280 1486 tur,
303 1431 363 1473 non
387 1412 480 1473 solum
504 1411 652 1491 Epitomes
675 1411 693 1470 l.
714 1411 732 1470 l.
763 1412 812 1471 sed
836 1411 922 1473 etiam
951 1413 980 1473 in
1003 1412 1146 1492 excerptis
1169 1413 1265 1492 quarti
1287 1413 1322 1474 de
1344 1412 1391 1473 in·
1417 1432 1419 1436 ·

223 1515 357 1576 ventione
379 1515 452 1576 torni
475 1514 511 1594 (E
533 1513 640 1590 §237)
672 1511 828 1594 epitomata
859 1525 888 1576 et
916 1516 1016 1577 eadem
1044 1535 1059 1584 a
1082 1517 1247 1578 Marcellino
1269 1516 1391 1597 expilata

223 1617 292 1690 sint,
315 1619 366 1698 qui
387 1628 503 1699 praeter
525 1619 596 1680 lraec
618 1619 730 1680 nullum
749 1617 870 1681 Cornuti
886 1618 963 1680 Artis
985 1631 1171 1700 praeceptum
1192 1619 1248 1680 nisi
1271 1639 1306 1680 ex
1328 1619 1392 1680 eius

224 1729 328 1801 quarto
350 1722 385 1783 (le
407 1721 576 1783 inventione
600 1729 680 1783 tomo
703 1722 859 1802 receperit,
883 1721 1008 1784 dubitari
1030 1733 1141 1802 potest,
1170 1723 1219 1783 ubi
1243 1721 1391 1784 Cornutus

225 1824 416 1886 differentiam
440 1825 581 1906 prooemii
604 1834 634 1886 et
656 1825 759 1905 epilogi
783 1825 957 1886 tractaverit.
1001 1844 1087 1904 quem
1110 1825 1145 1886 de
1160 1826 1214 1886 hac
1229 1825 1392 1886 differentia

224 1926 371 2008 inprime
394 1928 429 1988 de
451 1927 619 1990 inventione
641 1939 721 1990 tomo
744 1928 838 2006 egisse
860 1947 913 2009 pro
929 1936 1009 1989 certo
1025 1928 1176 2003 habemus,
1200 1929 1338 2008 quoniam
1362 1929 1392 1988 in

226 2031 328 2092 eodem
351 2039 431 2092 tomo
454 2032 522 2112 quid
540 2032 623 2094 inter
637 2031 819 2112 prooemium
837 2041 866 2092 et
881 2031 1076 2092 narrationem
1093 2032 1393 2112 argumentationem-

226 2154 282 2214 que
304 2136 458 2197 interesset
479 2135 579 2216 paucis
603 2135 810 2216 exponebatur.
864 2134 1014 2214 Epitomes
1046 2136 1133 2196 verba
1167 2136 1200 2196 ad
1233 2137 1309 2197 lranc
1330 2154 1393 2196 rem

226 2237 401 2318 pertinentia
424 2241 453 2314 (ξ
468 2237 522 2319 36)
544 2258 612 2300 cum
635 2247 727 2318 parte,
750 2256 823 2318 quae
846 2237 881 2298 de
904 2237 1065 2299 differentia
1088 2238 1229 2320 prooemii
1246 2248 1276 2300 et
1290 2237 1393 2319 epilogi

227 2350 297 2415 erat,
320 2341 481 2404 aCornuto
496 2341 662 2416 coniuncta,
684 2341 720 2402 ab
742 2340 934 2420 epitomatorc
957 2349 1087 2422 separata
1109 2360 1174 2403 esse
1196 2341 1256 2403 veri
1279 2341 1393 2404 similli-

227 2464 310 2506 mum
340 2453 393 2507 est.
440 2463 508 2506 nam
537 2446 582 2507 his
604 2443 699 2506 verbis
727 2444 817 2516 locus,
847 2462 934 2522 quem
958 2443 989 2504 in
1013 2443 1145 2524 Epitoma
1168 2445 1310 2518 obtinent,
1333 2463 1393 2506 non

228 2549 363 2611 convenit
389 2558 419 2610 et
444 2568 477 2610 ea
503 2548 580 2628 apud
603 2548 766 2609 Cornutum
789 2546 960 2627 praeceptis,
983 2547 1109 2626 quaein
1132 2547 1265 2628 Epitoma
1289 2549 1357 2610 inde
1379 2567 1394 2609 a

228 2651 298 2727 §21
323 2651 476 2732 incipiunt,
500 2650 692 2712 antecessisse
713 2650 796 2712 HSac
817 2650 962 2730 excerptis
985 2649 1079 2711 WVll
1095 2649 1134 2712 52
1149 2683 1214 2720 344
1237 2651 1394 2712 confirma-

229 2757 306 2816 tur¹.
355 2755 464 2816 eisdem
493 2755 647 2835 excerptis,
674 2771 748 2832 quae
777 2752 895 2814 nonnisi
922 2753 1054 2814 minutiis
1077 2754 1113 2815 ab
1135 2754 1158 2814 E
1180 2753 1253 2829 §36
1281 2755 1395 2816 dissen-

229 2857 316 2930 tiunt,
339 2857 392 2918 hac
414 2859 565 2937 §integra
588 2857 709 2918 Cornuti
732 2857 810 2918 Artis
833 2856 919 2917 verba
942 2856 1050 2918 servari
1073 2857 1285 2936 cognoscimus.
1320 2875 1395 2936 quae

230 2960 378 3022 Cornutus
411 2961 446 3021 de
479 2961 640 3022 differentia
673 2959 816 3041 prooemii
849 2969 879 3020 et
910 2959 1014 3040 epilogi
1048 2959 1210 3039 scripserit,
1243 2959 1394 3020 extribus

230 3083 331 3126 eorum
365 3064 506 3144 excerptis
540 3063 563 3123 E
595 3067 631 3138 ἐξ
648 3064 696 3135 19,
713 3063 753 3124 20
776 3072 805 3123 et
827 3061 888 3124 237
921 3072 951 3123 et
982 3063 1059 3143 apud
1087 3061 1285 3124 Marcellinum
1309 3061 1346 3122 W
1360 3061 1395 3122 lV

232 3167 293 3229 428
308 3198 373 3237 μσς,
394 3167 435 3228 ita
457 3169 517 3228 sere
540 3166 719 3228 restituenda
743 3175 826 3227 sunt:

293 3268 469 3352 ,διαφέρει
502 3264 540 3331 δὲ
568 3269 627 3331 τοῦ
655 3261 817 3346 §coloreo
844 3268 881 3332 τὸ
913 3271 1105 3350 προοίμιον,
1140 3263 1192 3330 ὅτι
1214 3265 1249 3330 ἐν
1270 3263 1330 3348 μὲν
1352 3265 1397 3350 τῷ

232 3374 400 3456 προοιμίῳ
427 3371 464 3436 τὸ
495 3373 603 3455 σχῆμα
629 3373 685 3434 καὶ
716 3371 774 3456 τήν
801 3369 973 3456 ἑρμηνείαν
999 3373 1132 3454 μέτριον
1159 3367 1396 3434 εἶναιδεῖκαὶ

232 3474 334 3560 ἤπιον
355 3474 411 3536 καὶ
434 3470 476 3548 οἷς
498 3471 539 3538 ἂν
561 3477 653 3538 εἴποι
676 3499 726 3549 τις
747 3473 928 3539 ιιθασσόν·
957 3472 1075 3555 ἐπειδὴ
1096 3473 1158 3555 γὰρ
1181 3473 1216 3538 ἐν
1238 3468 1319 3562 ἀρχῇ
1340 3467 1397 3554 νή-

233 3596 334 3664 φουσι
362 3575 487 3661 μᾶλλον
514 3575 546 3641 οἱ
575 3573 733 3662 ἀκροαταὶ
761 3577 815 3640 καὶ
846 3575 939 3642 οὔπω
970 3573 1197 3659 ἆνακεκίνηται
1226 3571 1333 3639 αὐτῶν
1359 3559 1396 3637 τό

234 3681 363 3758 πάθος,
392 3679 623 3765 ὁμοιοπαθεῖν
651 3679 705 3744 δεῖ
730 3690 799 3754 τοῖς
822 3677 979 3744 ἀκούουσι
1007 3679 1061 3742 καὶ
1095 3675 1200 3763 ἠρέμα
1233 3674 1398 3763 προβιβά-

236 3784 302 3858 ζειν
323 3784 361 3849 τό
382 3809 417 3848 τε
439 3783 562 3849 ἑαυτῶν
584 3784 639 3846 καὶ
662 3783 698 3847 τὸ
720 3785 783 3848 τῶν
806 3781 973 3868 ἀκροατῶν
996 3777 1123 3855 πάθος·
1147 3781 1182 3846 ἐν
1204 3781 1241 3845 δὲ
1263 3782 1307 3864 τῷ
1323 3779 1398 3843 ἐπι·
1452 3821 1467 3848 .

234 3886 322 3973 λόγῳ
344 3888 381 3952 τὸ
404 3889 512 3972 σχῆμα
535 3890 806 3970 σογιιειιινημένον
829 3887 884 3949 καὶ
907 3884 1033 3960 πολλὰς
1048 3883 1108 3968 μὲν
1122 3881 1296 3967 ἐμβοήσας
1311 3881 1396 3962 ἔχον,

303 4090 398 4140 ¹Hacc
424 4098 544 4156 excerpto
572 4090 675 4140 eundem
703 4090 829 4151 ordinem,
859 4103 930 4154 quem
957 4087 1008 4136 loci
1036 4087 1165 4152 compilati
1192 4085 1298 4136 Cornuti
1325 4085 1398 4134 Artis

236 4159 413 4278 lillis*
431 4152 1399 4279 llltrtrltltll..retiturnlffllt.l‘t.⁰‘⁰.'.lt:l:”tr{.⁰.⁰.⁰ll

237 4227 372 4346 glintun
394 4243 567 4362 iiiecessipsso
590 4301 686 4344 certum
708 4301 756 4344 cst.
792 4293 890 4344 accedit
911 4241 977 4358 quoii
1001 4241 1119 4356 oxcgrpta
1143 4290 1222 4340 simili
1247 4237 1398 4340 rationcpelr

237 4365 275 4414 lls
294 4363 359 4414 lacta
380 4363 412 4414 W
426 4362 471 4414 VII
489 4364 538 4412 729
553 4363 668 4416 7-'l3llo
692 4364 746 4426 ipsa
767 4377 864 4427 quoqne
887 4362 975 4410 ordine
997 4360 1101 4409 Cornuti
1119 4359 1191 4410 Artis
1213 4358 1336 4422 locorum,
1358 4358 1399 4424 qui

236 4435 274 4484 cis
292 4433 407 4496 subsunt,
426 4439 537 4482 utuntur.
