3536 5208
816 388 1051 455 vxx-

352 581 405 644 est,
439 588 514 648 quos
536 568 605 629 Arte
640 587 708 629 usos
741 585 806 630 esso
838 567 958 629 scimus.
1012 565 1087 628 circa
1110 583 1221 626 annum
1243 564 1512 645 quingentesimum

351 673 428 734 enim
452 670 704 753 Constantinopoli
725 671 834 733 lloruit.

435 775 728 854 Progymnasmatum
766 772 862 834 verbis
901 773 941 854 Sp
960 773 1000 833 111
1028 771 1373 844 4775377116145,
1408 769 1514 850 quibus

352 876 516 956 exponitur,
550 876 620 955 quid
653 876 759 956 epilogi
791 875 944 956 proprium
978 875 1025 948 sit,
1049 874 1203 937 Alexandri
1237 875 1272 935 de
1301 873 1465 934 elocutione
1486 882 1516 933 et

352 980 464 1042 actione
497 979 603 1059 epilogi
636 988 824 1060 praeceptum
855 978 976 1039 subesse
1010 978 1207 1057 cognovimus.
1263 976 1287 1037 tt
1313 979 1349 1051 ἧς
1365 975 1436 1049 240,
1453 974 1513 1035 241

353 1083 431 1144 enim
447 1103 489 1157 ea,
512 1101 586 1162 quae
601 1083 764 1144 Alexander
785 1082 821 1143 de
843 1079 1006 1142 elocutione
1025 1080 1167 1161 prooemii
1190 1088 1220 1142 et
1234 1079 1409 1142 narrationis
1431 1098 1516 1160 prae-

353 1186 479 1267 scripsit,
500 1187 582 1247 valde
605 1186 732 1247 breviata
755 1195 785 1246 et
806 1193 934 1246 coartata
957 1183 1103 1246 exhibent.
1140 1183 1208 1244 inde
1223 1182 1387 1262 colligimus
1402 1181 1515 1258 §§242,

353 1289 414 1350 243
430 1309 547 1369 quoque
562 1297 697 1368 excerpta
712 1286 867 1349 Alexandri
881 1295 1104 1368 praeceptorum
1120 1305 1193 1347 esse.
1224 1305 1290 1347 cum
1306 1289 1324 1360 ξ
1339 1285 1401 1347 243
1417 1295 1516 1347 autem

353 1393 462 1455 Nicolai
484 1393 581 1465 verba,
604 1391 639 1452 de
662 1390 769 1470 quibus
791 1390 895 1470 agitur,
917 1388 1062 1468 insignem
1085 1389 1305 1451 similitudinem
1329 1409 1398 1470 prae
1420 1409 1452 1450 se
1474 1393 1518 1450 le-

353 1505 432 1558 runt.
477 1494 632 1574 utrobique
654 1504 688 1555 ut
710 1493 815 1574 epilogi
837 1492 961 1555 elocutio
985 1490 1158 1574 παθητική
1185 1493 1325 1554 reddatur
1351 1489 1517 1555 111101νο1-

355 1615 425 1672 σεις
446 1597 502 1660 καὶ
525 1595 737 1677 σχετλιασμοί
760 1605 940 1677 usurpentur
961 1594 1177 1676 praescribitur.
1215 1604 1248 1656 ut
1266 1614 1340 1674 quae
1355 1595 1428 1656 ratio
1442 1595 1520 1656 inter

353 1701 504 1763 Nicolaum
521 1709 551 1763 et
561 1700 715 1780 Epitomen
730 1699 891 1761 intercedat
905 1709 1079 1770 statuamus,
1095 1699 1242 1777 quomodo
1254 1699 1418 1779 discrepent
1429 1717 1519 1777 quac-

354 1807 480 1867 rendum
503 1814 557 1867 est.
601 1813 787 1885 praeceptum
808 1801 887 1864 1348
903 1833 928 1872 ῃ
950 1803 1088 1875 adlatum,
1112 1811 1145 1863 ut
1160 1801 1283 1864 elocutio
1298 1799 1520 1885 τολμηροτέρα

354 1917 424 1982 τοῖς
447 1904 591 1990 σχήμασι
615 1908 662 1981 sit,
685 1906 762 1987 apud
776 1905 927 1968 Nicolaum
951 1906 1032 1967 deest
1046 1925 1141 1984 neque
1156 1925 1225 1967 vero
1240 1907 1311 1967 baec
1326 1905 1519 1986 discrepantia

356 2012 443 2074 ullius
463 2011 607 2073 momenti
622 2019 675 2072 est.
708 2019 855 2091 praeterea
871 2028 905 2070 eo
920 2010 1094 2090 discrepant,
1116 2008 1195 2088 quod
1210 2008 1233 2068 E
1248 2007 1288 2070 48
1304 2041 1330 2078 23
1345 2009 1517 2071 adiectivnm

355 2115 628 2197 περιπαθεστέρα
638 2114 736 2194 ipsum
749 2132 865 2192 quoque
876 2113 912 2174 ad
924 2111 1118 2174 elocutionem
1130 2115 1265 2186 refertur,
1281 2113 1358 2192 apud
1369 2112 1519 2174 Nicolaum

355 2218 429 2280 actio
452 2216 566 2298 epilogi,
589 2215 673 2278 cuius
695 2217 725 2276 in
745 2216 880 2297 Epitoma
902 2215 1023 2277 omnino
1047 2214 1157 2276 mentio
1180 2234 1239 2276 non
1262 2216 1303 2288 lit,
1328 2218 1520 2298 περιπαθε-

356 2322 454 2404 στέρα
476 2319 582 2381 dicitur
604 2319 802 2400 8111114771
824 2316 916 2382 ἴδιον
944 2316 1090 2402 ἐπιλόγῳ
1114 2363 1147 2380 ..
1177 2315 1233 2379 καὶ
1264 2312 1348 2406 αὐτῇ
1373 2317 1412 2405 τῇ
1434 2313 1520 2381 ὑπο-

356 2427 463 2506 κρίσει
486 2422 669 2505 κεχρῆσθαι
693 2423 975 2505 περιπαθεστέρᾳ.
1020 2422 1065 2482 bis
1087 2421 1184 2482 verbis
1206 2421 1349 2483 evincitur
1369 2422 1520 2485 Nicolaum

356 2542 415 2584 non
437 2524 570 2604 Epitoma
595 2545 680 2588 usum
704 2545 776 2587 esse.
821 2545 889 2587 com
911 2525 989 2586 enim
1005 2524 1159 2585 Alexandri
1181 2525 1222 2586 sit
1242 2525 1414 2588 elocutionis
1436 2546 1521 2606 prae-

356 2628 448 2707 ceptis
477 2649 568 2709 pauca
596 2629 631 2690 de
659 2629 773 2690 actione
800 2630 886 2690 verba
915 2628 1072 2707 adiungere
1099 2629 1148 2702 (cl.
1171 2629 1208 2702 §S
1230 2627 1289 2689 136
1310 2647 1368 2707 sq.,
1400 2629 1460 2692 196
1477 2649 1520 2709 sq.

357 2731 589 2808 0110111111),
613 2731 740 2793 dubitari
762 2751 821 2792 non
843 2739 949 2812 potest,
973 2731 1044 2810 quin
1066 2730 1202 2792 Nicolaus
1224 2731 1378 2794 Alexandri
1401 2734 1436 2794 de
1458 2734 1521 2814 epi-

356 2834 421 2914 logo
443 2844 630 2915 praeceptum
654 2834 797 2914 integrius
818 2853 906 2914 quam
929 2833 1064 2914 Epitome
1086 2834 1204 2896 exbibet
1225 2835 1335 2914 legerit.

443 2937 483 3017 Sp
499 2938 538 2998 111
554 2940 615 2999 457
630 2970 656 3007 25
668 2958 742 3018 sqq,
765 2937 827 2999 458
842 2971 853 3007 1
866 2957 930 3017 sqq.
945 2963 987 2990 =
1001 2937 1037 2998 W
1048 2937 1073 2998 ll
1090 2936 1188 3011 5831,
1203 2969 1230 3006 10
1245 2937 1396 3000 Nicolaum
1419 2940 1520 3001 eadem

357 3039 502 3102 Theodori
525 3041 561 3102 de
583 3041 759 3103 narrationis
781 3041 941 3103 virtutibus
969 3041 1055 3102 verba
1082 3049 1112 3102 et
1133 3041 1299 3102 Aristotelis
1322 3043 1356 3104 de
1379 3043 1520 3105 brevitate

357 3142 453 3218 verba,
483 3163 610 3224 quorum
641 3155 775 3225 excerpta
802 3144 824 3205 E
847 3143 970 3220 §§103,
989 3143 1048 3204 102
1075 3143 1225 3222 leguntur,
1253 3155 1321 3206 ante
1344 3146 1444 3207 oculos
1468 3146 1521 3206 ba-

358 3246 457 3307 buisse
479 3247 668 3328 perspicuum
692 3257 746 3309 est.
791 3249 862 3310 baec
877 3247 1022 3309 Theodori
1046 3255 1075 3307 et
1090 3245 1255 3307 Aristotelis
1278 3248 1364 3310 verba
1385 3248 1521 3310 aNeocle

358 3349 524 3411 consociata
547 3369 611 3412 esse
632 3351 708 3412 infra
729 3351 887 3430 adparebit.
942 3369 1009 3412 cum
1032 3350 1122 3429 igitur
1143 3348 1293 3411 Nicolaum
1316 3359 1346 3412 et
1367 3351 1522 3413 Alexandri

358 3453 425 3514 libri
450 3462 480 3514 et
501 3453 615 3516 Neoobs
637 3454 704 3515 libri
726 3463 817 3535 parte,
845 3472 932 3532 quam
956 3454 1012 3514 Ars
1039 3452 1217 3525 continebat,
1248 3471 1334 3515 usum
1358 3454 1522 3534 deprehen-

359 3556 498 3630 derimus,
522 3575 590 3618 eum
613 3576 673 3618 non
695 3556 760 3618 iNos
778 3556 869 3617 libros
884 3556 989 3618 adiisse
1004 3557 1055 3618 sed
1070 3557 1170 3618 Artem
1186 3574 1344 3635 usurpasse
1359 3558 1522 3620 credamus.

444 3659 505 3720 lam
536 3660 628 3721 aliane
654 3661 733 3722 Artis
766 3669 901 3740 excerpta
934 3661 965 3721 in
994 3659 1104 3721 Nicolai
1132 3659 1399 3739 Progymnasmatis
1431 3661 1523 3724 insint

359 3763 557 3842 quaerendum
582 3772 636 3824 est.
673 3763 708 3824 de
730 3764 879 3825 nonnullis
894 3763 1186 3843 Progymnasmatum
1202 3762 1282 3833 locis,
1305 3782 1379 3841 quos
1393 3763 1424 3825 in
1440 3783 1521 3826 oom-

360 3864 503 3926 mentario
525 3866 562 3926 ad
583 3865 606 3926 E
628 3869 665 3941 ἐς
681 3865 730 3939 20,
748 3867 798 3941 79,
814 3866 875 3927 233
898 3866 1090 3938 laudavimus,
1118 3875 1231 3928 certum
1255 3865 1312 3926 dici
1334 3885 1393 3927 non
1416 3875 1521 3946 potest.

359 3987 455 4048 neque
477 3978 575 4030 autem
599 3969 721 4030 dubium
744 3979 798 4044 est,
821 3969 893 4049 quin
916 3979 945 4032 ct
966 3969 1053 4032 verba
1068 3971 1107 4050 Sp
1122 3969 1163 4030 111
1179 3967 1239 4030 473
1251 3999 1276 4038 en
1291 3967 1378 4027 =W
1390 3970 1414 4030 ll
1426 3970 1522 4039 610„

360 4089 395 4131 ex
416 4071 495 4133 Artis
517 4081 682 4152 praecepto,
709 4073 788 4151 quod
814 4072 956 4152 integrius
985 4073 1083 4148 E§7
1107 4081 1247 4146 servatur,
1271 4082 1388 4154 sumpta
1411 4073 1471 4134 sint
1492 4083 1522 4134 et

360 4173 480 4254 plurimi
508 4175 649 4237 orationis
675 4175 803 4256 partium
831 4176 917 4250 fines,
941 4177 992 4255 qui
1014 4177 1045 4237 in
1067 4176 1361 4256 Progymnasmatum
1385 4175 1523 4254 Prolego-

360 4278 455 4338 menis
472 4288 692 4350 enumerantur,
708 4280 802 4340 eidem
820 4279 882 4341 Arti
897 4279 1065 4340 debeantur.
1097 4279 1258 4342 Finclrhius
1275 4279 1522 4360 8111145011-

361 4381 420 4440 451
437 4414 449 4450 5
469 4382 543 4442 banc
558 4382 809 4444 enumerationem
825 4402 861 4444 ex
875 4383 1029 4464 anonymis
1044 4383 1203 4464 Apbtbonii
1218 4381 1440 4446 scholiiszlb
1456 4411 1522 4452 1⁷-
