3538 5212
729 419 941 483 ,35-

251 592 433 670 ἀπόλυσις,
461 600 614 678 μείωσις,
647 593 841 670 ὑπόστασις.
900 599 968 660 181.
998 600 1105 682 κρίσις
1142 595 1179 658 δὲ
1208 594 1419 679 ληφθήσεται

252 694 322 761 ἀπὸ
344 699 447 774 θεῶν,
463 695 532 761 ἀπὸ
548 695 675 781 ἡρώων,
699 695 767 762 ἀπὸ
784 703 1011 783 συγγραφέων,
1032 696 1102 762 ἀπὸ
1118 694 1326 782 φιλοσόφων,
1350 693 1420 762 ἀπὸ

254 800 409 883 ποιητῶν.

341 903 410 966 182.
445 901 486 967 Oi
513 903 573 984 μὲν
598 903 810 980 γενικώτατοι
839 903 940 968 τόποι
969 897 1073 968 οὗτοι·
1099 900 1176 967 οὐδὲ
1203 901 1266 984 γάρ
1294 901 1423 966 οἷόντε

219 1009 311 1071 δυῶν
333 1006 409 1085 περὶ
433 1003 590 1069 ἁπάντων
613 1005 734 1084 λέγειν,
758 1003 832 1070 ἀλλ’
856 1005 970 1081 ἀπλῶς
993 1008 1040 1081 είς
1061 1005 1193 1070 ἔννοιαν
1220 1002 1344 1088 ἄγομεν
1365 1006 1424 1070 τοῦ

255 1107 460 1193 πράγματος,
484 1107 637 1172 dualitati
660 1105 739 1173 ὅταν
761 1109 906 1193 λέγωμεν
927 1110 999 1174 δείν
1022 1119 1162 1172 σκοπεῖν
1184 1109 1308 1185 αἰτίαν,
1332 1106 1424 1194 ὕλην,

255 1209 394 1295 ἀγωγήν,
418 1207 477 1291 οὐχ
500 1209 543 1286 ῶς
566 1211 601 1274 ἐκ
623 1209 747 1278 τούτων
769 1212 880 1296 μόνων
901 1210 1122 1296 ἐλεγχομένων
1141 1213 1205 1274 τῶν
1225 1208 1427 1276 ἀδικούντων

256 1317 380 1399 φαμέν·
404 1312 524 1378 πολλοὶ
545 1316 608 1398 γὰρ
631 1317 687 1378 καί
710 1313 777 1380 ἀπὸ
799 1312 972 1400 χρώματος
1000 1314 1056 1377 καὶ
1079 1313 1242 1399 σχήματος
1264 1311 1424 1398 ἠλέγχθη·

257 1435 335 1482 σαν·
358 1412 442 1480 ἀλλὰ
463 1416 511 1480 δι’
534 1415 642 1482 αὐτῶν
665 1414 776 1501 ῶσπερ
799 1421 848 1494 εἰς
870 1417 1001 1483 ἔννοιαν
1022 1417 1088 1480 τῶν
1109 1411 1196 1480 ὅλων
1218 1413 1349 1500 ἄγομεν.

206 1531 239 1584 10
344 1517 413 1581 183.
447 1526 511 1582 Aet
532 1520 570 1583 δὲ
592 1515 718 1584 εἰδέναι
741 1516 792 1584 ὅτι
817 1519 926 1584 πάντα
948 1521 990 1584 τὰ
1014 1522 1235 1603 προειρημένα
1262 1519 1345 1582 κατὰ
1367 1519 1428 1583 ooo

256 1618 399 1705 τρόπους
425 1620 519 1686 ἔσται
545 1619 690 1708 χρήσιμα
719 1623 778 1687 ἐπὶ
806 1617 1016 1708 ζητημάτων,
1045 1621 1116 1686 οἷον
1144 1626 1340 1707 προκείσθω
1375 1621 1430 1708 ζή-

257 1747 357 1810 τημα·
389 1727 420 1789 εί
453 1749 472 1808 η
506 1723 606 1810 ἡδονὴ
642 1723 773 1804 ἀγαθὸν
799 1724 837 1811 (ἢ
861 1723 919 1790 οὐκ
942 1722 1108 1808 ἀγαθόν).
1161 1724 1218 1790 aar
1244 1722 1341 1809 (μὲν)
1366 1727 1429 1810 γὰρ

257 1825 452 1912 θελήσωμεν
473 1823 569 1892 τοῦτο
593 1825 785 1905 ἀποδείξαι,
810 1827 845 1891 ἐκ
867 1829 926 1892 τοῦ
947 1823 1027 1912 ὅρου
1050 1829 1105 1912 τῆς
1120 1826 1238 1912 ἡδονῆς
1258 1827 1429 1914 ἐπιχειρή-

258 1949 371 2015 σομεν,
407 1931 480 1996 οἷον
512 1928 563 1995 ὅτι
592 1928 613 2016 ἡ
641 1929 741 2016 ἡδονὴ
771 1927 1045 2006 ἀποκατάστασις
1074 1931 1164 1995 ἐστιν
1184 1930 1225 1994 dx
1251 1933 1317 1996 τῶν
1338 1931 1431 2016 παρὰ

209 2049 240 2102 15
259 2033 362 2120 φύσιν
381 2037 428 2109 είς
450 2028 553 2118 φύσιν
576 2031 714 2098 ἑκάστου
735 2034 794 2119 τήν
816 2031 930 2110 αὑτοῦ,
954 2033 1054 2096 τὰδὲ·
1076 2033 1112 2108 ἐξ
1131 2031 1430 2108 ἀποκαταστάσεως

259 2135 368 2223 ἀτελῆ,
393 2135 426 2223 [ἡ
449 2137 485 2202 δὲ
507 2133 643 2221 τοιαύτη
667 2134 767 2222 ἡδονὴ
791 2135 934 2222 ἀτελήςῙ,
957 2137 994 2200 τὸ
1018 2136 1052 2200 δ’
1075 2134 1186 2212 ἀτελὲς
1202 2134 1262 2202 οὐκ
1277 2135 1428 2216 ἀγαθόν·

329 2270 340 2318 1
361 2263 500 2331 ἀπόλυσις,
517 2271 631 2403 ηιείωσις
648 2267 935 2351 εοτίροίιίὶιιίυί.νδοοε;
952 2271 1061 2351 μείωστς
1072 2260 1249 2325 ἀπόκλισιςΡ
1302 2267 1317 2318 8
1335 2269 1432 2320 πολλοὶ

258 2335 529 2525 ἓξηζῖίῖῖίέιξώ
548 2350 684 2457 ‘'xii“‘r'ii
702 2336 946 2474 tilloit?
963 2335 1015 2456 ¹³1⁵ss
1028 2337 1301 2470 diffidis?
1313 2338 1431 2469 ida-⁹

260 2489 308 2525 ατε
323 2491 354 2539 ης
387 2489 401 2524 e
463 2490 473 2523 n

326 2583 488 2648 ἀπόλυσις
505 2590 600 2641 dieitur
618 2591 648 2640 ab
662 2592 743 2642 Anax.
762 2589 816 2641 τῶν
827 2581 1007 2657 ὑπαρχόντων
1023 2591 1112 2642 κακῶν
1122 2587 1253 2656 ἀποβολή,
1271 2592 1301 2642 ab
1315 2592 1430 2644 Aristide

259 2656 393 2728 ἀποφυγὴ
420 2658 474 2710 τῶν
501 2653 688 2724 περιεστώτων
712 2658 809 2710 κακῶν.
846 2657 1010 2723 §181le
1035 2661 1065 2710 de
1087 2661 1143 2710 loeo
1165 2661 1288 2710 communi
1305 2662 1431 2727 praeeipit

259 2727 326 2794 Spll
345 2729 393 2779 108
405 2742 431 2782 aa
453 2725 507 2778 εἶτα
529 2725 558 2779 ἐκ
579 2725 625 2791 τῆς
645 2745 662 2778 κ
679 2731 757 2783 ίσεως
779 2727 937 2814 (ἐπηγειρεῐν
955 2725 1009 2791 δεῖ)
1026 2721 1085 2792 ἤτοι
1102 2729 1259 2796 νομοθετῶν
1275 2722 1292 2793 ἢ
1311 2730 1432 2794 ποιητῶν

258 2791 275 2858 ἢ
294 2797 391 2865 σοφῶν
407 2789 513 2866 ἀνδρῶν
533 2787 590 2863 γνῶ
613 2812 645 2852 ας
661 2745 788 2862 λέγοντες,
809 2811 869 2847 οιον
890 2794 941 2846 xri.
976 2795 1059 2860 §183
1082 2800 1279 2864 προκείσθω
1302 2795 1430 2864 ζήτημα

260 2863 312 2916 κτὲ
329 2866 409 2915 Arist.
430 2862 527 2946 Topll
548 2865 558 2914 l
587 2813 643 2914 ίάτι
670 2864 699 2916 δὲ
720 2865 774 2934 τῶν
796 2852 994 2937 προβλημάτων
1016 2860 1048 2914 τὰ
1069 2861 1120 2930 μὲν
1141 2854 1262 2916 καθόλου
1283 2861 1315 2914 τὰ
1339 2863 1365 2914 δ’
1383 2865 1430 2918 ἐπὶ

258 2934 368 3003 μέρους.
403 2933 526 2982 καθολου
551 2930 602 3000 μὲν
627 2925 677 2983 οὖν
703 2925 825 3002 οἱονῃὸτι
847 2931 925 2982 πᾶσα
948 2927 1030 3014 ἡδονη
1054 2928 1162 3000 ἀγαθὸν
1184 2934 1229 2983 κοιλ
1251 2926 1292 2982 ὅτι
1318 2927 1430 2999 οὐδεμία

259 2995 345 3083 praej,
370 2993 485 3084 ἀγαθόν,
506 3000 553 3081 ἐπὶ
573 2998 672 3084 μέρους
694 2999 723 3051 δὲ
742 3003 803 3081 υἱον
823 2996 865 3052 ὅτι
882 2999 939 3052 ἔστι
957 3016 998 3056 τις
1015 2997 1103 3081 ηδονη
1120 2996 1230 3082 ἀγαθὸν
1247 3001 1293 3051 καὶ
1311 2995 1431 3080 ὅτιοέοτι

259 3066 412 3189 liliati
427 3070 1431 3203 titill'tllllltllitltillt‘ttlttll‘’itti‘’lltt't

260 3202 440 3264 ἀποδεῖξαι
457 3204 509 3255 κτὲ
531 3206 634 3258 eandem
658 3205 900 3270 argumentationem
918 3206 999 3256 Arist.
1019 3205 1077 3256 llth.
1095 3206 1151 3257 llio.
1163 3205 1209 3259 Vll
1228 3207 1256 3258 11
1278 3208 1383 3270 exponit
1404 3213 1430 3256 et

260 3291 297 3342 op.
319 3275 349 3327 12
376 3273 481 3324 refellit.
517 3275 686 3326 Aristotelem
712 3276 759 3324 lnao
785 3275 956 3340 disputatione
983 3273 1139 3324 Platonicam
1166 3276 1289 3325 rationem
1316 3273 1430 3325 refutare

260 3343 357 3394 Zellios
383 3343 410 3392 in
437 3343 616 3393 oommeutario
639 3341 694 3393 Ello.
714 3341 770 3393 Niu.
789 3359 812 3408 p.
825 3343 883 3406 302,
903 3342 953 3392 309
976 3343 1139 3394 demonstrat.
1174 3341 1248 3393 Plato
1275 3343 1341 3392 euim
1368 3343 1431 3393 dicit

260 3410 357 3462 Phileb.
372 3410 428 3461 53C
446 3404 488 3461 ἀεὶ
504 3412 607 3478 γένεσίς
623 3411 698 3463 ἐστιν
714 3407 819 3474 (ἡδονή)
838 3420 863 3462 et
876 3411 909 3460 ib.
922 3409 979 3461 420
997 3410 1042 3475 τῆς
1054 3401 1162 3479 φύσεως
1173 3408 1294 3462 ἑκάστων
1305 3409 1430 3479 διαφθει-

261 3479 377 3548 ρομένης
396 3477 486 3547 μὲν..
505 3479 593 3530 λῦποί
614 3495 642 3530 τε
660 3481 704 3530 καί
723 3470 907 3546 ἀλγηδόνες..
923 3480 1064 3546 ξυμβαίνει
1080 3473 1227 3548 γιγνόμενοι
1240 3517 1246 3529 .
1260 3515 1274 3542 .,
1297 3481 1335 3536 είς
1353 3477 1385 3530 δέ
1399 3495 1430 3546 γε

260 3546 309 3612 τὴν
331 3543 422 3600 αὐτῶν
443 3543 527 3614 φύσιν
547 3542 613 3598 ὅταν
630 3549 798 3613 καθιστῆτοι,
820 3538 917 3611 ταύτην
939 3539 973 3597 αὖ
990 3544 1038 3612 τὴν
1059 3541 1224 3598 κατάστασιν
1244 3543 1345 3612 ἡδονὴν
1362 3543 1430 3600 ἀπε·

262 3606 401 3684 δεξόμεθα
426 3614 492 3686 παρ’
514 3612 593 3684 ἡμῶν
619 3613 714 3668 αὐτῶν.
750 3616 864 3667 Platonis
886 3630 947 3677 ergo
970 3617 1062 3682 placita
1085 3617 1191 3667 subsunt
1208 3617 1430 3680 argumentationi,

293 3700 332 3735 am
345 3685 425 3736 Arist.
438 3687 455 3735 l.
468 3686 485 3735 l.
496 3685 713 3804 η.11521ιιτλιίε
728 3685 814 3737 verbis
827 3684 938 3750 explieat
956 3680 1006 3735 οὐκ
1023 3679 1132 3751 ἀγαθὸν
1143 3678 1276 3750 (ἡδονήν),
1297 3679 1340 3734 δτι
1353 3685 1430 3734 πᾶσα

260 3749 342 3816 ηδονὴ
369 3756 473 3821 γένεσίς
510 3765 569 3806 στιν
594 3755 631 3810 εἰς
656 3747 741 3821 φύσιν
764 3743 889 3818 αἰσθητή,
915 3749 1028 3819 οὐδεμία
1051 3752 1080 3804 δὲ
1101 3755 1204 3819 γένεσις
1225 3749 1355 3819 συγγενὴς
1373 3755 1431 3809 τοῖς

261 3823 374 3886 τέλεσιν,
386 3815 446 3873 οἷον
458 3815 573 3886 οίιδεμία
585 3814 758 3890 οἰκοδόμησις
769 3823 850 3888 οἰκίη.
871 3836 919 3886 quo
931 3822 988 3871 huie
1001 3821 1213 3884 argumentationi
1225 3821 1296 3871 illem
1308 3837 1323 3871 a
1334 3820 1430 3871 Neoele

198 3931 201 3938 ,
261 3890 379 3941 traditam
398 3907 446 3940 uon
465 3891 592 3942 diversam
612 3906 668 3941 ease
691 3891 748 3941 lune
765 3892 861 3942 elarius
879 3890 1008 3954 adparent,
1034 3891 1175 3956 adponatur
1192 3889 1341 3952 Andronici,
1368 3904 1430 3954 quae

262 3959 414 4024 nominatur,
436 3959 598 4025 paraphrasis
617 3958 698 4010 Arist.
716 3959 851 4010 verborum
869 3959 907 4009 ed.
927 3957 1007 4008 Oxou.
1026 3974 1049 4023 p.
1063 3959 1113 4008 350
1132 3958 1158 4008 οί
1174 3955 1226 4026 μλν
1244 3950 1293 4008 οὖν
1310 3957 1431 4023 λέγοντες

260 4027 398 4095 μηδεμίαν
414 4023 514 4092 ἡδονὴν
531 4022 642 4094 ἀγαθὸν
660 4025 728 4078 εἶναι
746 4023 829 4083 οὕτως
845 4026 1015 4096 ἐπεχείρουν·
1042 4027 1122 4076 πᾶσα
1138 4021 1223 4090 ἡδονὴ
1237 4025 1340 4108 γένεσίς
1357 4022 1431 4078 ἐστιν

262 4097 300 4152 τίς
317 4087 404 4163 φύσιν
420 4089 537 4160 αἰσθητή
551 4133 557 4144 .
570 4133 596 4145 ..
615 4095 639 4147 εί
656 4099 747 4147 τοίνυν
763 4092 780 4158 ἡ
798 4092 884 4178 ηδονὴ
894 4097 1010 4178 η’ένεσις,
1032 4090 1048 4155 ἡ
1066 4093 1095 4146 δὲ
1111 4095 1215 4161 γένεσις
1232 4094 1330 4156 atelle,
1354 4089 1383 4143 τὸ
1402 4092 1431 4146 δὲ

261 4157 353 4219 ἀτελὲς
374 4158 422 4214 οὔκ
438 4162 512 4217 ἐστιν
528 4154 644 4229 ἀγαθόν,
666 4160 682 4228 ἡ
700 4159 784 4228 ἡδονὴ
802 4182 856 4230 αρα
874 4180 923 4214 ουκ
939 4162 1013 4215 ἔστιν
1029 4157 1148 4229 ἀγαθόν.
1184 4157 1200 4227 ἡ
1218 4157 1325 4226 ἡδονὴ
1343 4157 1431 4211 ἀπο-

262 4228 466 4288 κατάστασις
487 4230 541 4282 κτὲ
566 4234 628 4283 lano
652 4232 824 4283 definitionem
847 4249 861 4283 e
883 4232 1015 4284 Platonica
1039 4247 1114 4297 supra
1137 4231 1267 4296 adseripta
1291 4230 1430 4280 derivatam

264 4315 319 4350 esee
337 4300 426 4366 liquet.
462 4303 547 4352 eadem
566 4301 646 4352 Arist.
660 4301 741 4352 utitur
759 4300 830 4351 lllnet.
847 4300 933 4351 1369b
945 4313 971 4354 aa
988 4295 1145 4350 ὑποκείσθω
1163 4294 1196 4363 δὴ
1212 4293 1280 4365 ἡμῖν
1296 4295 1365 4350 εἶναι
1383 4293 1432 4362 τὴν

262 4363 366 4445 ἡδονὴν
382 4371 487 4431 κίνησίν
504 4384 565 4420 τινα
583 4367 628 4434 τῆς
646 4369 734 4436 ψυχῆς
751 4369 797 4420 καί
815 4365 979 4420 κατάστασιν
997 4359 1107 4437 ἀθρόαν
1124 4367 1169 4418 καί
1187 4365 1322 4433 αἰσθητὴν
1333 4369 1371 4424 εἰς
1382 4363 1431 4432 τὴν

262 4433 444 4504 ἀπείργουσαν
462 4434 553 4505 φύσιν.

1217 4521 1251 4577 3*
