3536 5208
699 394 928 460 ..LV-

231 572 309 651 quod
337 589 370 633 ea
387 565 445 633 bic
466 589 582 652 quoque
604 589 746 634 numerus
768 581 989 654 praeceptorum
1012 574 1110 636 Neocli
1132 582 1284 655 pergratus
1306 593 1391 636 recu-

229 684 355 755 peratur.
399 675 564 756 proximum
589 674 624 736 de
653 677 866 756 compositione
894 677 1102 739 obscuritatem
1131 677 1275 740 efficiente
1302 697 1388 758 prae-

231 779 366 859 ceptum,
399 780 477 859 quod
509 797 576 842 oum
605 778 632 840 ei
658 779 744 841 verba
772 775 893 862 μήκους
919 774 1087 863 περιόδων
1113 778 1169 841 καὶ
1195 773 1392 862 ἀλληγορίας

231 882 495 962 adglutinarentnr,
523 883 618 963 ipsum
643 881 810 944 mutilatum
834 902 898 944 esse
920 883 1049 955 videtur,
1080 885 1202 945 sortasse
1224 883 1281 944 hoc
1302 884 1391 944 modo

231 987 427 1067 supplendum
442 993 488 1046 est
509 980 565 1046 καὶ
588 977 682 1064 (ὅταν
703 1006 753 1057 τις
774 985 894 1069 χρῷτο)
916 983 955 1072 τῇ
975 986 1133 1048 συνθέσει
1155 985 1200 1069 μὴ
1223 981 1314 1075 ἀπλῇ
1335 984 1391 1047 καὶ

231 1089 315 1152 κατὰ
328 1084 442 1173 φύσιν,
456 1083 541 1149 ἀλλά
551 1081 797 1170 δι’ὑπερβατῶν
806 1084 880 1170 (καὶ
892 1085 1390 1172 μεταξυλογιῶντεταραγμένη).

230 1189 459 1273 μεταξυλοηίαι
486 1191 564 1252 enim
591 1210 608 1252 a
630 1191 748 1251 'lbeone
771 1189 954 1270 Sp118219
983 1208 1039 1251 una
1068 1209 1136 1252 cum
1166 1193 1332 1273 hyperbatis
1358 1201 1393 1254 ut

230 1313 277 1356 res
300 1294 470 1356 elocutionis
492 1293 694 1375 perspicuitati
715 1294 817 1356 noxiae
839 1294 1069 1355 enumerantur¹
1091 1304 1121 1355 et
1139 1296 1240 1356 cadem
1255 1295 1389 1357 Neoclem

229 1397 259 1458 in
287 1406 441 1478 praecepto
463 1397 499 1458 de
521 1417 580 1477 quo
602 1397 717 1478 agimus
739 1397 925 1459 coniunxisse
947 1396 1008 1458 veri
1030 1395 1212 1460 simillimum
1235 1407 1295 1472 est,
1323 1417 1390 1460 oum

231 1500 346 1562 duobus
381 1500 522 1562 membris
548 1501 653 1581 prioris
682 1501 773 1580 partis
800 1500 947 1580 praecepti
975 1494 1065 1588 ἁπλῇ
1090 1499 1146 1562 καὶ
1177 1497 1260 1564 κατά
1288 1497 1393 1585 φύσιν

229 1604 317 1665 altera
344 1623 411 1685 pars
440 1605 543 1666 melius
569 1604 759 1685 respondeat,
790 1603 815 1664 si
843 1604 916 1665 duae
938 1621 985 1666 res
1008 1603 1251 1684 compositionem
1274 1613 1392 1685 pertur-

230 1707 331 1768 bantes
353 1708 530 1778 adferantur.

313 1810 399 1872 Nunc
423 1810 524 1892 paucis
550 1810 585 1872 de
607 1809 769 1890 praeceptis
791 1809 990 1872 eredibilitatis
1016 1808 1218 1870 disserendum
1242 1817 1296 1870 est.
1334 1809 1391 1870 Ge-

230 1921 342 1975 ometra
369 1932 546 1994 quamquam
576 1921 671 1975 totum
699 1922 901 1993 praeceptum,
930 1915 1008 1993 quod
1037 1912 1188 1992 Epitomae
1210 1911 1304 1984 deest,
1331 1929 1390 1973 non

230 2014 358 2088 exhibet,
388 2025 486 2078 tamen
513 2016 679 2097 complures
705 2015 959 2078 adnoutiuncuus
984 2015 1021 2078 ab
1049 2015 1240 2096 epitomatore
1266 2015 1390 2077 omissas

229 2117 314 2180 nobis
337 2119 512 2199 suppeditat.

229 2222 265 2283 W
286 2222 313 2282 Π
338 2221 426 2293 2356
458 2222 536 2284 enim
569 2232 740 2304 praecepto,
775 2231 808 2284 ut
838 2221 996 2303 particulae
1028 2221 1203 2282 narrationis
1236 2239 1310 2300 quae
1344 2221 1390 2282 di-

271 2334 379 2386 cuntur
404 2335 589 2406 exponantur
611 2331 664 2403 (ε
678 2327 702 2387 Ε
716 2331 735 2402 ᾧ
750 2325 812 2405 90),
846 2326 918 2386 haec
940 2323 1084 2386 sententia
1106 2323 1235 2386 additur:
1269 2321 1306 2386 τὸ
1329 2322 1390 2404 γὰρ

264 2425 331 2490 χἀιά
360 2426 494 2491 πάντων
520 2425 687 2500 ἐπεξιέναι
714 2427 815 2500 δόξαν
840 2425 921 2512 ἡμῖν
947 2429 1084 2510 παρέχει
1111 2426 1170 2490 τοῦ
1195 2425 1251 2488 καὶ
1278 2421 1391 2498 αὐτοῖς

273 2539 430 2612 παρεῖναι
451 2540 521 2604 τοϊς
545 2527 716 2615 πράγμασι
738 2530 794 2593 καὶ
816 2524 930 2614 ἀληθῆ
952 2529 1058 2610 λέγειν
1079 2533 1289 2614 παρίστησιν.

228 2637 264 2697 W
284 2637 310 2697 ll
329 2635 432 2706 23510
464 2643 628 2716 praecepto,
662 2646 696 2697 ut
727 2653 829 2696 omnes
862 2634 1019 2716 particulae
1051 2643 1184 2696 accurate
1217 2639 1390 2694 enarrentur

272 2739 326 2818 (=
340 2739 364 2799 E
378 2743 396 2815 §
411 2739 474 2817 92),
497 2738 584 2800 verba
606 2739 817 2801 adnectuntur:
840 2733 878 2800 οὗ
904 2733 966 2820 γάρ
989 2734 1083 2821 ἀρκεῖ
1103 2735 1140 2801 τὸ
1165 2732 1266 2809 οὕτως
1289 2732 1391 2817 μόνον

271 2840 381 2924 παρῆν
403 2842 513 2905 εἰπεῖν
534 2836 618 2903 ἀλλὰ
638 2840 695 2903 καὶ
715 2841 753 2904 τὸ
775 2838 911 2914 coluges
932 2838 953 2925 ἢ
974 2839 1118 2914 τοιῶςάε.

101 2933 109 2949 ’
228 2943 302 3006 Wll
317 2944 407 3016 236³
427 2953 625 3025 praeceptum,
652 2954 686 3007 ut
707 2943 830 3024 simplex
851 2943 976 3006 elocutio
998 2944 1170 3006 adhibeatur
1191 2942 1279 3022 (=E
1295 2943 1389 3018 tbi),

270 3047 419 3128 excipiunt
450 3047 550 3108 verba:
591 3045 692 3120 δόξαν
726 3044 788 3130 γὰρ
825 3046 882 3128 τῆς
913 3043 1082 3130 ἀκριβείας
1114 3045 1170 3108 καὶ
1203 3047 1390 3129 φαντασίαν

269 3151 406 3231 παρέχει
435 3150 491 3233 τῆς
514 3145 688 3234 ἀληθείας,
722 3146 763 3224 αἱς
796 3147 1038 3233 ἀπερίσκεπτος
1067 3149 1123 3212 καὶ
1144 3148 1203 3232 την
1225 3143 1390 3230 ἀλήθειαν

270 3254 463 3336 μιμουμένη.

228 3358 281 3419 has
314 3366 374 3418 tres
407 3357 579 3430 sententias,
612 3375 680 3418 cum
714 3357 792 3418 haud
825 3357 889 3418 sine
921 3357 1028 3419 iudicio
1062 3357 1187 3438 scriptae
1220 3355 1293 3428 sint,
1330 3371 1389 3432 quo

229 3461 383 3522 Geometra
405 3468 500 3534 caret,
528 3459 642 3522 eteius
665 3459 745 3521 modi
766 3459 962 3522 additamenta
984 3467 1206 3542 praeceptorum
1229 3477 1245 3519 a
1268 3455 1389 3519 Cornuti

228 3565 297 3625 Arte
329 3563 407 3624 haud
439 3562 531 3624 aliena
564 3581 627 3624 esso
661 3563 807 3625 similibus
841 3562 993 3625 sententiis
1025 3563 1175 3645 Epitomes
1200 3560 1298 3632 181⁶,
1323 3559 1389 3628 150

229 3667 462 3738 demonstretur,
491 3665 613 3728 Cornuti
635 3667 697 3728 drti
720 3666 818 3728 deberi
839 3666 901 3728 veri
923 3665 1105 3728 simillimum
1128 3675 1184 3728 est.
1229 3683 1264 3725 ex
1286 3662 1387 3724 eadem

229 3771 383 3832 Geometra
413 3769 546 3848 energiae
568 3771 732 3851 exemplum
756 3769 792 3829 W
806 3771 833 3831 ll
849 3769 910 3830 235
926 3803 966 3844 ιι,
1000 3770 1078 3849 quod
1106 3769 1215 3849 optime
1242 3767 1387 3828 delectum

228 3881 284 3946 est,
304 3872 334 3934 in
357 3873 602 3935 commentarium
626 3892 712 3934 suum
736 3873 969 3954 transscripsisse
991 3872 1119 3934 videtur:

229 3971 311 4040 οὕτω
356 3975 437 4053 γοῦν
484 3975 539 4038 καὶ
578 3976 797 4058 Δημοσθένης
835 3974 870 4038 έν
909 3975 955 4060 τῷ
988 3973 1070 4037 κατὰ
1103 3969 1387 4056 Ἀριστοκράτους·

295 4201 305 4234 1
322 4197 354 4252 τὸ
371 4194 524 4266 ὑπερβατὸν
541 4206 567 4250 et
583 4199 779 4266 μιταξολογίαν
795 4205 866 4249 arete
879 4199 1015 4249 cohaerere
1027 4196 1166 4248 Alexandri
1178 4197 1209 4247 de
1221 4196 1308 4259 liguris
1319 4196 1387 4246 libro

229 4270 399 4321 confirmatur.
434 4269 468 4336 Sp
482 4266 516 4318 lll
538 4268 597 4321 38⁸
619 4268 724 4332 figuram
744 4263 896 4334 ὑπερβατοῦ
918 4267 999 4330 ligura
1020 4257 1174 4334 παρεμβολή
1196 4266 1324 4316 nominata
1347 4281 1388 4316 so-

228 4339 321 4404 quitur‚
340 4353 403 4403 queo
420 4337 485 4386 baud
505 4335 607 4387 diversa
625 4343 664 4386 est
681 4337 711 4386 ab
731 4351 768 4400 ea,
785 4351 856 4402 quum
869 4335 939 4386 Theo
955 4336 1152 4403 μεταξολογίαν
1164 4334 1237 4384 dixit.
1267 4332 1299 4384 cl.
1319 4333 1351 4383 W
1365 4333 1388 4385 V

227 4405 277 4456 453
290 4422 322 4460 ac.
