3536 5208
730 349 948 438 ,ηχ-

256 554 416 616 sententiae
449 572 502 633 pro
533 553 670 616 vocabulo
703 571 775 613 usus
810 551 920 632 species
953 553 1062 630 figurae
1096 547 1328 636 περιφράσεως
1360 572 1423 614 esse

256 657 436 720 videbatu1·¹.
481 657 578 736 itaque
601 664 788 736 praeceptum
812 655 847 716 de
875 675 933 734 quo
961 655 1056 734 agitur
1077 655 1118 716 At
1144 674 1204 716 non
1232 655 1267 716 ab
1290 655 1423 735 Epitoma

257 763 306 822 sed
332 781 347 822 a
374 761 501 822 Theonis
524 757 792 839 Progymnasmatis
818 757 958 838 repetisse
984 759 1118 819 sumendi
1146 767 1224 830 sunt,
1257 757 1288 820 in
1316 758 1423 837 quibus

258 865 298 944 Sp
313 865 340 924 ll
362 863 440 932 8410
461 864 567 942 legitur
594 862 914 944 παρατηρητέον...
937 857 1016 944 μήτε
1044 857 1142 936 λόγον
1168 855 1241 923 ἀντὶ
1263 855 1424 941 ὀνόματος

257 974 383 1039 ποιεῖν,
407 962 479 1028 οἷον
501 961 574 1029 ἀντὶ
596 964 654 1028 τοῦ
676 961 849 1027 ἀπέθανεν
867 961 999 1035 ἐξέλιπε
1013 961 1071 1026 τὸν
1086 965 1169 1044 βίον.
1215 964 1254 1024 lt
1270 965 1305 1024 ab
1321 965 1422 1025 eodem

257 1069 385 1142 Theone‚
408 1069 458 1148 qui
481 1069 521 1148 Sp
537 1069 562 1129 ll
585 1068 661 1138 811³
683 1077 751 1148 post
772 1068 826 1130 alia
848 1068 980 1148 exempla
1001 1067 1065 1130 τῶν
1088 1069 1323 1150 πεποιημένων
1337 1067 1424 1128 verba

258 1169 446 1255 κελαρύζειν
473 1170 529 1234 καὶ
553 1170 750 1234 τὰτοιαῦτα
772 1171 896 1244 exhibet,
930 1171 1017 1232 verba
1038 1170 1076 1230 W
1094 1171 1121 1230 ll
1142 1170 1204 1233 219
1221 1204 1247 1242 2⁸
1273 1179 1424 1232 mutuatos

256 1283 410 1356 praecepto
433 1275 582 1356 Epitomes
604 1273 738 1336 adfixisse
760 1274 909 1353 probabile
932 1273 1005 1336 est².
1050 1281 1095 1334 ter
1109 1273 1198 1352 igitur
1217 1274 1258 1334 Α]
1280 1274 1424 1354 excerptis

256 1379 406 1458 Epitomes
422 1379 514 1440 aliena
530 1379 726 1440 additamenta
740 1379 938 1440 immiscuisse
953 1377 1171 1440 concedendum
1188 1386 1240 1440 est.
1269 1378 1425 1457 quinquies

255 1482 296 1542 hl
318 1482 404 1543 verba
419 1482 568 1562 Epitomes
591 1483 712 1544 consilio
735 1490 849 1544 mutare
871 1482 1019 1544 videmus:
1043 1481 1158 1542 initium
1175 1481 1325 1542 brevitatis
1340 1501 1425 1561 prae-

257 1584 427 1664 ceptorum⁸
449 1585 505 1660 ll§
528 1585 567 1646 63
591 1587 648 1665 (=
668 1584 705 1644 W
725 1585 750 1646 ll
777 1585 893 1665 22814)
916 1595 945 1647 et
966 1585 1054 1646 verba
1076 1585 1220 1646 enuntiati
1243 1585 1348 1654 E174
1371 1584 1426 1663 (=

257 1688 293 1748 W
307 1688 334 1748 ll
356 1687 418 1749 219
433 1687 481 1765 14),
505 1688 588 1750 onius
611 1688 739 1768 priorem
769 1700 883 1769 partem
907 1696 1111 1760 resecuerunt,
1139 1687 1170 1748 in
1192 1689 1276 1750 aliam
1300 1692 1425 1750 formam

257 1792 441 1870 redegerunt.
465 1806 470 1817 ·
486 1790 522 1850 W
536 1792 562 1852 ll
579 1792 640 1853 229
655 1823 668 1862 0
682 1811 698 1852 e
714 1792 841 1854 Theonis
857 1793 1126 1873 Progymnasmatis
1143 1793 1183 1872 Sp
1198 1793 1224 1852 ll
1241 1792 1281 1854 84
1296 1825 1331 1866 ιι,
1349 1793 1425 1854 unde

257 1894 344 1956 etiam
377 1895 543 1975 proximum
578 1895 763 1956 enuntiatum
791 1897 826 1955 W
853 1897 879 1958 ll
913 1896 1009 1966 2293
1042 1895 1269 1975 exscripserunt,
1302 1895 1423 1957 verbum

258 1995 520 2061 σνννπακούεται
553 1999 584 2060 in
617 1999 714 2060 locum
748 1999 866 2078 genuini
900 1997 1010 2060 λείπει
1044 1999 1290 2060 substituerunt⁴.
1342 1998 1378 2057 W
1400 1999 1426 2058 ll

258 2103 431 2182 21910sqq.
455 2103 528 2164 duos
554 2112 693 2182 quattuor
715 2120 916 2173 numerorum,
939 2121 1012 2180 quos
1035 2101 1057 2160 P
1080 2101 1197 2162 exhibet
1218 2101 1241 2160 Ε
1267 2102 1305 2162 16
1322 2133 1362 2174 20,
1387 2103 1425 2162 17

258 2239 277 2285 ι,
291 2238 323 2282 10,
336 2239 371 2279 ῃ,
395 2205 559 2266 omiserunt
581 2215 611 2266 et
631 2224 685 2285 pro
707 2205 820 2276 ceteris,
845 2224 919 2283 quos
942 2205 1030 2265 falsos
1053 2223 1118 2265 esse
1140 2213 1258 2284 putasse
1281 2204 1425 2278 videntur,

259 2310 329 2370 alios
362 2317 533 2388 posuerunt.
588 2308 624 2367 W
651 2309 675 2368 ll
709 2307 770 2369 228
797 2338 822 2379 17
856 2307 981 2387 denique
1014 2308 1113 2381 verba,
1147 2327 1221 2387 quae
1255 2309 1278 2368 P
1311 2307 1428 2369 exhibet

259 2413 282 2473 lt
300 2414 373 2482 1417
396 2409 476 2494 μήτε
498 2409 606 2494 μακρὰ
621 2449 663 2456 -
678 2408 898 2492 διηγούμενοι,
922 2429 990 2472 cum
1013 2411 1058 2472 his
1075 2420 1333 2472 commutaverunt
1348 2405 1427 2492 μήτε

260 2516 306 2588 εἷς
331 2513 374 2577 τὰ
395 2513 601 2598 παρέλκοντα
622 2513 740 2596 χρόνον
762 2510 1004 2596 καταναλώσης,
1034 2509 1075 2587 ὥς
1099 2511 1131 2576 οἳ
1154 2511 1236 2596 μετὰ
1257 2511 1297 2575 τὰ
1320 2509 1428 2595 πράν-

259 2639 349 2700 ηιατα
382 2616 541 2692 εἰωθότες
573 2617 780 2701 διηγεῖσθαι.
824 2617 930 2696 quibus
957 2617 1053 2678 verbis
1087 2617 1157 2696 quin
1191 2617 1272 2679 locus
1301 2616 1429 2678 Theonis

218 2783 219 2789 ,
261 2725 301 2803 Sp
317 2723 343 2784 ll
365 2722 405 2784 83
418 2755 442 2792 m
465 2720 546 2804 μήτε
569 2721 616 2794 εἰς
637 2720 679 2782 τὰ
700 2719 906 2804 παρέλκοντα
927 2719 985 2783 τὸν
1006 2717 1104 2798 λόγον
1126 2719 1427 2801 καταναλίσκωμεν,

261 2822 303 2899 ως
327 2821 358 2888 οἳ
381 2823 464 2906 μετὰ
484 2825 526 2886 τὰ
540 2820 719 2907 πράγματα
735 2820 893 2895 εἰωθότες
908 2822 1105 2906 διηγεῖσθαι
1121 2825 1224 2898 subsit,
1247 2825 1326 2886 haud
1342 2823 1427 2884 dubi-

260 2939 367 3002 temne,
401 2948 468 2990 cum
501 2929 578 3008 apud
612 2929 651 2988 Α]
684 2928 805 2988 eandem
839 2928 1033 3006 corruptelam
1068 2928 1258 3008 reperiamus,
1292 2947 1349 3008 qua
1381 2927 1429 2988 ille

260 3033 388 3094 Theonis
414 3033 496 3093 locus
518 3032 638 3092 laborat.
682 3049 749 3091 cum
773 3030 926 3092 Lederlino
950 3031 1026 3092 enim
1053 3027 1131 3113 (τὰ)
1157 3029 1240 3113 μετὰ
1259 3028 1301 3092 τὰ
1322 3026 1429 3112 πράγ-

261 3158 349 3218 ματα
374 3136 562 3198 scribendum
590 3153 655 3196 csse
685 3135 788 3195 collato
815 3134 835 3194 l.
863 3134 991 3196 Theonis
1021 3135 1061 3215 Sp
1082 3135 1108 3194 ll
1132 3134 1192 3196 1118
1202 3167 1227 3204 23
1253 3153 1427 3214 persuasum

260 3239 412 3300 habemus.

345 3342 482 3420 Reliquas
504 3341 596 3402 illum
624 3350 653 3403 et
679 3341 828 3422 Epitomes
856 3340 1022 3413 verborum,
1053 3339 1149 3418 qualia
1174 3339 1204 3398 in
1234 3339 1256 3400 P
1283 3340 1428 3418 leguntur,

262 3445 481 3524 discrepantias,
507 3464 579 3524 ques
602 3464 662 3506 non
685 3444 898 3506 mutationibus
920 3443 1011 3504 bium
1036 3452 1118 3504 natas
1141 3462 1205 3504 esse
1228 3451 1376 3522 putemus,
1399 3443 1429 3503 in

185 3603 189 3612 .
261 3556 401 3628 apparatu
434 3547 535 3608 critico
568 3548 781 3610 adnotabimus.
829 3566 921 3628 pauca
954 3547 989 3607 de
1017 3547 1111 3627 pretio
1145 3547 1249 3608 harum
1284 3547 1428 3608 variarum

261 3653 418 3714 lectionum
447 3651 569 3712 dicenda
596 3658 674 3712 sunt.
718 3651 760 3711 lt
789 3651 931 3712 deteriore
958 3649 1108 3730 Epitomes
1139 3650 1238 3710 codice
1268 3669 1337 3711 usos
1366 3669 1430 3710 esse

262 3774 349 3836 quam
378 3756 472 3816 TSam
502 3755 533 3814 in
560 3754 713 3834 propatulo
745 3764 798 3825 est,
825 3754 922 3814 Albus
949 3755 1027 3814 enim
1055 3755 1221 3832 complures
1249 3752 1430 3834 corruptelae

331 3917 341 3950 1
360 3916 397 3967 ef.
416 3916 588 3967 Alexandrum
607 3915 636 3963 de
656 3915 742 3979 liguris
760 3913 794 3980 Sp
805 3914 837 3965 lll
856 3914 987 3979 3214sqt1.

330 3985 341 4018 ²
359 3987 418 4035 Cum
431 3986 466 4034 At
479 3983 582 4034 Theoue
601 3999 660 4032 usos
679 3998 735 4034 esse
754 3991 862 4046 constet,
880 3982 991 4032 dubitari
1008 3981 1103 4047 nequit,
1121 3982 1180 4046 quin
1194 3997 1250 4032 cum
1262 3983 1310 4032 iam
1324 3981 1430 4031 scholiis

264 4055 317 4104 suis
334 4055 487 4104 instructum
505 4052 615 4114 legerint
634 4059 659 4101 et
678 4069 692 4102 a
711 4051 750 4102 TS
770 4052 802 4102 W
817 4051 827 4102 l
844 4052 893 4102 260
905 4066 930 4102 m
950 4050 1022 4100 linem
1041 4050 1233 4116 perspicuitatis
1251 4051 1430 4114 repetiverint,

264 4139 335 4188 quem
356 4122 386 4171 W
401 4120 422 4170 ll
441 4121 517 4174 2203
536 4122 663 4186 excerptis
681 4120 811 4186 Epitomcs
829 4121 1010 4170 adiunxerant.

332 4189 342 4223 ³
360 4190 409 4240 Sub
433 4189 534 4238 initium
557 4190 749 4254 perspicuitatis
768 4196 794 4239 et
812 4188 996 4240 credibilitatis
1014 4193 1204 4254 praeceptorum
1223 4188 1261 4238 Α]
1279 4186 1430 4252 particulam

263 4256 292 4310 dd
310 4259 440 4324 Epitomes
460 4257 605 4307 omiserunt.

332 4327 469 4379 ⁴Verbum
492 4326 587 4386 λείπει,
613 4326 676 4390 quod
699 4325 719 4375 11
741 4328 809 4379 1518
832 4327 920 4376 codice
939 4326 958 4375 P
975 4325 1096 4385 traditur,
1119 4325 1150 4375 ab
1168 4324 1315 4374 Alexandro
1338 4325 1363 4373 iu
1387 4337 1432 4372 ex·

265 4396 400 4461 plicatione
418 4393 556 4460 ἒλλείψεως
573 4394 711 4443 adhibitum
730 4410 785 4444 esse
804 4397 981 4460 comprobetur
1000 4395 1063 4444 locis
1081 4394 1115 4458 Sp
1129 4392 1160 4444 lll
1178 4394 1260 4456 33143
1283 4393 1327 4442 167
1344 4409 1364 4444 τ.
