3536 5208
811 437 853 447 —
899 399 1007 466 XVHl
1052 437 1094 447 -

368 579 438 640 Arte
453 577 515 658 ipsa
531 585 681 660 receptum
697 597 760 640 esse
775 597 949 658 persuasum
965 579 1116 640 habenae.
1154 578 1384 640 commentarius
1399 579 1532 640 Pseudo-

369 682 539 761 georgianus
566 701 634 762 ergo
665 690 696 744 et
725 701 870 762 anonyma
893 682 1008 744 Scholia
1029 681 1109 743 hrtis
1132 691 1267 762 excerpta
1290 699 1341 743 sua
1365 681 1459 743 eidem
1482 699 1533 743 ve-

369 785 485 847 tustiori
509 785 701 864 Hermogenis
725 785 902 847 scholiastae
925 786 1029 848 debere
1052 785 1299 865 cognoscuntur1.

451 889 581 970 Tempus
614 908 673 968 quo
706 887 865 950 vetustiora
898 889 946 950 illa
980 890 1011 950 in
1045 887 1235 968 Hermogenis
1273 888 1309 948 de
1342 887 1407 948 Jnr.
1441 887 1532 948 libros

370 991 485 1054 Scholia
512 991 674 1071 composita
702 991 774 1065 sint,
803 991 834 1053 in
857 1009 930 1070 quae
953 991 1052 1053 omnia
1074 991 1153 1055 Artis
1182 999 1317 1072 excerpta
1340 992 1436 1054 adhuc
1457 1011 1532 1053 enu-

368 1103 477 1156 merata
506 1095 602 1175 primo
630 1103 802 1173 congregata
829 1113 893 1156 esse
919 1095 1117 1176 sumpsimus,
1146 1095 1320 1158 certioribus
1343 1095 1451 1156 finibus
1473 1093 1531 1156 eir·

368 1198 527 1261 cumscribi
548 1198 659 1277 nequit,
682 1197 819 1277 quoniam
843 1198 879 1258 de
901 1199 1055 1279 anonymis
1071 1199 1289 1279 Prolegomenis
1305 1199 1318 1258 l
1333 1207 1364 1260 et
1378 1197 1532 1279 anonymis

369 1301 493 1362 Scholiis
515 1301 590 1362 nihil
611 1301 668 1361 nisi
691 1319 724 1361 ea
746 1309 814 1362 ante
829 1320 939 1364 annum
957 1302 1145 1364 miHesimum
1162 1304 1268 1382 scripta
1284 1301 1376 1375 essel,
1400 1302 1436 1362 de
1451 1318 1533 1362 eom-

370 1405 512 1467 mentario
534 1402 807 1483 Pseudogeorgiano
829 1422 865 1466 ne
888 1406 944 1468 bec
965 1406 1084 1485 quidem
1107 1405 1248 1468 constat³.

796 1580 831 1640 H.
864 1579 1105 1642 Marcellinus.

453 1699 524 1761 Post
538 1699 692 1779 Syrianum
708 1709 738 1762 et
754 1701 921 1782 Sopatrum,
944 1720 1070 1781 quorum
1087 1702 1159 1763 alter
1174 1701 1250 1762 circa
1266 1700 1396 1761 medium
1413 1718 1487 1760 saee.
1501 1699 1533 1771 V,

368 1803 440 1865 alter
462 1803 518 1864 sub
539 1803 628 1864 finem
651 1803 781 1866 eiusdem
806 1823 880 1865 saec.
897 1804 1024 1879 lloruit⁴,
1052 1804 1236 1866 Marcellinus
1257 1804 1358 1864 rhetor
1380 1821 1533 1864 commen-

369 1906 476 1967 tarium
500 1905 531 1966 in
554 1905 745 1986 Hermogenis
767 1908 802 1969 de
826 1910 899 1968 Stat.
922 1907 1031 1969 librum
1054 1909 1233 1988 composuit.
1271 1907 1319 1968 hie
1341 1905 1534 1984 Hermogenis

368 2009 523 2070 scholiasta
545 2028 605 2070 non
628 2010 760 2074 diversus
783 2029 847 2072 esse
869 2010 984 2072 videtur
1006 2030 1022 2072 a
1044 2011 1219 2082 Marcellino,
1241 2010 1289 2071 cui
1311 2011 1397 2088 vulgo
1417 2009 1535 2089 'lbucy-

368 2112 444 2174 didis
467 2113 524 2174 rita
546 2095 731 2175 adscribitur.
765 2115 859 2175 eidem
882 2115 912 2176 in
936 2114 1033 2176 codice
1055 2115 1114 2175 Pal.
1139 2123 1199 2176 tota
1223 2113 1332 2174 scholia
1347 2112 1534 2192 Thucydidea

370 2215 508 2277 vindicari
530 2214 678 2294 Eugenius
701 2218 859 2279 Petersen⁶
881 2217 961 2279 vidit
1000 2217 1141 2279 Ernestus
1165 2215 1322 2278 Schwabe⁰
1346 2216 1436 2296 igitur
1459 2215 1535 2277 Mar·
1582 2295 1584 2301 Ι

368 2320 504 2381 cellinum
528 2319 638 2380 scholia
659 2320 690 2380 in
712 2324 848 2394 formam,
871 2339 929 2400 qua
951 2338 1005 2381 nos
1030 2322 1149 2391 utimur,
1176 2319 1323 2398 redegisse
1354 2320 1483 2401 sumpsit
1505 2332 1535 2382 et

368 2441 436 2483 eum
460 2422 538 2483 inter
553 2422 702 2484 saeculum
719 2424 754 2485 Vl
770 2433 799 2486 et
812 2424 840 2485 X
854 2424 946 2487 fuisse
962 2422 1183 2485 demonstravit.
1222 2441 1290 2484 nam
1308 2423 1428 2486 Suidam
1446 2423 1533 2486 vitam

369 2524 526 2586 Marcellini
548 2525 709 2605 pleniorem
733 2527 870 2590 habuisse
893 2546 982 2606 quam
1004 2546 1068 2599 nos,
1093 2525 1202 2588 scholia
1230 2535 1329 2588 autem
1352 2527 1421 2588 inde
1443 2546 1458 2587 a
1480 2526 1535 2588 Ju-

369 2627 488 2690 stiniani
510 2630 744 2709 temporibus-in
767 2631 894 2692 formam
917 2630 1088 2692 hodiernam
1111 2630 1228 2692 redacta
1249 2649 1323 2692 esse.

452 2731 486 2792 ln
509 2750 568 2792 uno
592 2742 706 2794 tantum
729 2733 887 2795 Marcellini
909 2733 1114 2795 commentarii
1136 2732 1239 2814 eapite,
1261 2752 1320 2812 quo
1344 2731 1535 2810 Hermogenis

370 2835 405 2896 de
428 2834 522 2922 κοινῇ
546 2830 699 2918 ποιότητι
726 2837 813 2898 verba
837 2837 877 2916 Sp
899 2835 1044 2906 111482.
1066 2856 1131 2916 sqq.
1162 2836 1352 2916 explicantur,
1383 2835 1461 2896 Artis
1484 2854 1535 2894 ex-

369 2945 468 3018 cerpta
491 2937 760 3018 deprehenduntur.
805 2959 933 3020 quorum
955 2941 985 3001 in
1008 2959 1133 3001 numero
1155 2939 1227 3000 illud
1250 2938 1368 2999 maximi
1394 2937 1536 2998 momenti

368 3050 422 3112 est,
453 3059 511 3119 quo
540 3041 574 3101 de
604 3042 766 3104 differentia
794 3043 938 3123 prooemii
966 3052 996 3103 et
1024 3042 1131 3123 epilogi
1161 3041 1255 3120 agitur
1280 3041 1312 3099 W
1328 3040 1365 3100 lV
1381 3039 1443 3100 428
1458 3070 1536 3110 449.

370 3143 504 3222 quisquis
528 3143 602 3204 hanc
623 3154 737 3224 partem
760 3146 920 3207 Marcellini
943 3144 1145 3208 commentarii
1169 3162 1238 3204 cum
1260 3143 1409 3223 Epitomes
1434 3145 1470 3216 ἐξ
1489 3141 1536 3215 19,

371 3245 411 3306 20
434 3255 463 3307 et
486 3245 547 3306 237
571 3249 790 3328 comparaverit,
815 3257 940 3327 utroque
960 3249 1034 3310 libro
1049 3248 1181 3309 eiusdem
1197 3246 1324 3308 rhetoris
1341 3246 1427 3316 verba
1452 3247 1535 3317 tradi,

371 3349 423 3410 sed
445 3367 478 3409 ea
499 3349 530 3409 in
553 3349 687 3430 Epitoma
708 3351 739 3411 in
763 3352 835 3414 duos
857 3352 936 3413 locos
960 3351 1090 3431 dispersa
1113 3360 1142 3411 et
1157 3349 1312 3429 utrobique
1327 3358 1434 3423 coacta,
1460 3349 1537 3429 apud

439 3525 522 3591 ¹Qua
548 3529 578 3577 de
606 3543 681 3579 causa
708 3529 857 3595 sperandum
884 3536 924 3580 est
945 3529 995 3579 alia
1017 3528 1090 3578 Artis
1115 3535 1243 3594 excerpta,
1270 3543 1332 3594 quae
1356 3544 1371 3578 a
1394 3527 1537 3578 vetustiore

372 3596 515 3648 Scholiasta
534 3604 643 3662 receptu,
667 3598 693 3647 in
711 3598 843 3665 anonymis
861 3605 946 3649 autem
962 3597 1072 3647 Scholiis
1091 3597 1183 3647 omissa
1202 3597 1262 3657 sint,
1285 3612 1299 3646 e
1318 3597 1537 3662 praestantissimo

373 3667 459 3716 codiee
480 3664 535 3716 Vat.
550 3666 597 3716 105
616 3666 673 3716 erui
691 3681 773 3730 posse.

439 3731 598 3799 lalnonyrnn
617 3734 716 3784 Scholia
740 3742 767 3784 et
790 3735 841 3786 tria
865 3748 988 3802 anonyma
1008 3733 1188 3797 Prolegornena
1212 3732 1339 3783 codicibus
1358 3732 1414 3782 Par.
1429 3730 1494 3782 1983
1513 3738 1539 3780 et

373 3801 437 3853 2977
456 3801 601 3863 traduntur,
620 3803 650 3850 de
669 3802 759 3867 quibus
776 3801 808 3854 cl.
827 3819 904 3870 supra
922 3820 943 3868 p.
960 3803 988 3852 V.

440 3866 679 3920 ³Commentarlum
706 3887 770 3920 anne
795 3872 931 3922 millesimo
956 3869 1126 3935 antiquiorem
1150 3884 1207 3920 esse
1230 3871 1359 3932 sciremus,
1386 3869 1408 3918 si
1433 3883 1487 3919 eum
1512 3867 1536 3918 in

373 3937 506 4037 anonymis
524 3935 747 4001 prolegomenisll
765 3948 910 4005 excerptum
929 3955 986 3990 esse
1005 3946 1135 3989 constaret
1152 3937 1184 3988 cl.
1204 3937 1378 3990 adn.XVll1.

468 4005 611 4072 Syrianam,
636 4006 800 4070 Hermogenis
823 4008 997 4074 interpretem,
1020 4023 1067 4056 non
1090 4008 1166 4057 alium
1190 4008 1310 4056 sumimus
1332 4021 1389 4056 esse
1408 4021 1437 4056 ee
1455 4004 1539 4070 philo·

373 4074 476 4139 sophum
489 4069 707 4140 Neoplatonicum,
725 4075 855 4126 Plutarchi
873 4091 1055 4137 successorem,
1075 4076 1208 4141 Sopatrum
1225 4077 1352 4125 rhetorem
1365 4075 1470 4124 eundem
1483 4089 1539 4123 esse

373 4142 508 4204 credimus,
534 4143 574 4193 cui
591 4141 629 4193 lx
652 4145 761 4209 epistola
781 4146 881 4196 Aeneae
901 4144 996 4196 Gazaei
1020 4144 1116 4210 scripta
1135 4151 1175 4194 cst
1192 4144 1268 4210 (apud
1287 4144 1441 4196 Hercbernm
1460 4141 1538 4209 Epist.

376 4208 419 4261 Gr.
438 4210 576 4329 lingbu
596 4276 751 4346 Thucydidis
771 4280 876 4344 llorpati
895 4280 960 4333 1873
980 4297 1002 4346 p.
1015 4281 1040 4330 9,

409 4345 451 4464 78⁶
470 4345 632 4465 Halaesum
651 4348 682 4398 de
699 4347 853 4398 scholiorum
874 4348 1093 4416 Thucydideorum
1110 4350 1228 4415 fontibus
1241 4348 1322 4418 Leipz.
1335 4347 1409 4398 Stud.
1421 4346 1454 4398 lV
1477 4345 1537 4397 1881

373 4429 396 4480 P·
443 4451 450 4477 a
504 4419 575 4481 ¹³HH'
