3536 5208
803 420 1026 484 ..IV-

332 597 505 680 posterioris
533 598 659 660 litteram
687 599 852 674 yalterum
875 619 895 675 γ
924 598 1056 661 additum
1079 606 1134 659 est.
1178 596 1249 658 alios
1271 616 1386 659 errores
1408 597 1503 678 prima

333 720 438 764 manus
457 701 520 782 ipsa
536 699 710 774 emendavit,
734 709 768 761 ut
782 721 810 781 p.
829 701 905 772 101⁵
921 701 1009 764 serbo
1025 697 1209 778 ἕπαννέλου
1224 701 1348 763 alterum
1364 699 1383 763 t
1399 720 1503 782 super·

332 805 431 886 posuit
453 814 482 866 et
504 825 532 886 p.
550 804 615 876 bu,
647 803 696 864 ubi
724 813 792 884 post
819 799 954 868 πάντων
976 806 1072 886 primo
1095 806 1316 886 συγκειμένων
1338 805 1504 885 scripserat,

332 908 539 988 compendium
574 908 698 989 syllabae
728 927 774 968 ων
801 914 831 968 et
857 917 1010 971 accentum
1045 909 1150 970 lineola
1183 927 1236 989 per
1268 928 1301 970 ea
1335 910 1504 970 transducta

333 1011 438 1072 delevit
470 1019 500 1072 et
533 1009 741 1091 compendium
776 1009 901 1090 syllabae
934 1032 972 1074 σν
1002 1031 1068 1073 eum
1104 1031 1158 1074 suo
1186 1021 1310 1074 accentu
1341 1011 1503 1074 substituit.

332 1171 361 1231 p.
378 1152 456 1220 4414
480 1111 743 1232 dddeccpapptvq
766 1149 892 1229 legitur1
915 1168 1011 1229 neque
1035 1148 1142 1230 syllaba
1164 1145 1224 1213 ἀντ
1246 1151 1303 1211 ullo
1323 1150 1406 1228 signo
1422 1149 1504 1211 irrita

332 1257 407 1315 lacta
440 1262 493 1314 est.
539 1253 636 1332 itaque
671 1253 850 1327 dubitamus,
883 1273 920 1314 an
954 1253 984 1314 in
1018 1254 1174 1335 exemplari
1209 1252 1316 1315 codicis
1347 1253 1413 1314 Par.
1446 1253 1503 1314 iam

332 1357 518 1437 participium
558 1351 811 1440 ἀπεστραμμένη
851 1356 882 1417 in
923 1351 1185 1439 ἀπεστραμμένη
1224 1355 1414 1438 corruptum⁹
1453 1356 1504 1417 sed

332 1460 458 1540 genuina
485 1459 591 1541 syllaba
618 1479 669 1522 απ
697 1459 895 1540 superscripta
923 1459 1088 1540 syllabaque
1116 1454 1175 1522 ἀντ
1200 1459 1317 1540 punctis
1344 1458 1504 1540 suppositis

332 1565 459 1626 extincta
489 1564 537 1636 sit,
570 1572 633 1625 tum
665 1582 680 1625 a
709 1563 805 1626 scriba
831 1562 939 1624 codicis
960 1562 1036 1638 Par,
1064 1563 1114 1642 qui
1137 1562 1185 1624 illa
1206 1573 1314 1644 puncta
1337 1561 1504 1642 neglexerit,

334 1676 458 1747 utraque
480 1665 566 1728 lectio
590 1678 705 1748 recepta
728 1669 775 1730 sit.

418 1769 572 1832 Nonnullis
601 1773 788 1844 mendorum,
817 1770 924 1850 quibus
948 1768 971 1829 P
994 1769 1048 1844 (=
1063 1770 1155 1831 codex
1177 1769 1243 1831 Par.
1261 1769 1354 1847 1874)
1384 1769 1504 1843 laborat,

332 1873 427 1935 editor
449 1872 564 1952 primus
586 1873 643 1934 iam
668 1877 811 1937 medelam
834 1872 977 1946 adhibuit,
1001 1873 1051 1934 sed
1074 1873 1151 1934 idem
1175 1892 1261 1953 saepe
1282 1873 1395 1953 integra
1417 1873 1503 1934 verba

331 1977 362 2038 in
390 1975 473 2057 peius
502 1977 634 2038 mutavit.
680 1977 853 2058 Spengelius
876 1987 974 2038 autem
998 1985 1027 2038 et
1049 1976 1119 2037 haec
1141 1994 1215 2037 nova
1238 1976 1306 2038 vitia
1329 1977 1455 2038 removit
1477 1985 1506 2036 et

332 2081 367 2141 de
390 2099 443 2142 suo
465 2080 575 2159 largam
598 2081 711 2162 copiam
735 2081 974 2142 emendationum
991 2079 1128 2160 prodidit.
1172 2079 1267 2140 rarius
1283 2079 1314 2140 C.
1331 2079 1362 2140 L.
1379 2079 1505 2160 llaysero

332 2183 462 2262 contigit,
494 2190 527 2244 ut
549 2184 638 2258 locos,
667 2204 742 2265 quos
765 2183 928 2254 tractavitt
952 2191 1076 2255 sanaret,
1105 2199 1173 2242 nam
1197 2182 1228 2243 in
1250 2201 1356 2263 magno
1379 2202 1504 2244 numero

332 2287 568 2348 coniecturarum
596 2288 751 2369 pleraeque
780 2295 831 2348 aut
858 2287 947 2348 falsae
974 2295 1025 2348 aut
1052 2286 1153 2347 inanes
1183 2295 1263 2348 sunt.
1307 2285 1417 2366 optime
1440 2286 1504 2348 sine

333 2389 421 2450 dubio
455 2391 491 2450 de
522 2389 619 2450 libello
653 2388 776 2450 meritus
809 2398 855 2451 est
888 2389 1116 2470 Christopborus
1150 2389 1336 2450 Eberhardus
1363 2389 1503 2462 Finclrb⁴,

333 2493 383 2572 qui
414 2492 480 2573 plus
514 2492 661 2571 sexaginta
689 2492 760 2554 locis
786 2493 882 2554 lucem
909 2493 1014 2554 adtulit
1043 2493 1130 2554 modo
1160 2492 1310 2572 ingeniosa
1337 2493 1504 2554 coniectura

333 2595 421 2655 modo
455 2595 629 2675 comparatis
663 2596 726 2656 aliis
754 2597 870 2677 scriptis
897 2595 1061 2669 rhetoricis,
1093 2595 1124 2656 iu
1151 2594 1258 2675 quibus
1288 2595 1389 2657 eadem
1417 2605 1504 2675 atque

332 2699 364 2759 in
385 2697 482 2758 libello
504 2697 589 2759 nobis
612 2698 724 2760 edendo
747 2699 913 2761 traduntur.
957 2709 1045 2779 atque
1065 2699 1119 2759 hac
1133 2699 1321 2779 potissimum
1338 2699 1391 2772 via,
1414 2717 1502 2778 quam

333 2799 377 2860 vir
405 2801 581 2862 Graecarum
610 2801 645 2861 de
674 2801 821 2864 rhetorica
848 2803 1013 2865 litterarum
1041 2820 1110 2863 sane
1137 2801 1351 2863 scientissimus
1380 2801 1502 2882 aperuit,

333 2902 418 2964 nobis
451 2903 647 2966 incedendum
681 2923 745 2966 esse
777 2905 983 2978 intelleximus,
1019 2915 1052 2967 ut
1085 2923 1145 2966 non
1179 2906 1274 2966 solum
1308 2904 1395 2966 verba
1427 2903 1503 2964 inP
1537 2956 1538 2960 ,

334 3005 556 3087 corruptissima
578 3007 802 3070 emendaremus
825 3010 876 3070 sed
900 3009 987 3070 etiam
1010 3009 1067 3070 lata
1088 3007 1177 3068 libelli
1193 3027 1286 3088 usque
1301 3008 1337 3068 ad
1352 3016 1502 3068 auctorem

334 3110 430 3170 adhuc
456 3110 638 3189 incognitum
666 3129 920 3191 persequeremur.
965 3112 1017 3174 ubi
1038 3111 1168 3192 primum
1191 3110 1223 3172 in
1245 3111 1333 3182 locos,
1361 3110 1501 3190 quicum

333 3212 430 3273 libello
454 3213 653 3288 consentiunt,
677 3214 843 3294 diligentius
863 3215 1078 3296 inquisivimus,
1101 3215 1185 3276 nobis
1201 3214 1339 3276 miseram
1355 3214 1502 3294 epitomen

334 3344 651 3354 -—·———-.

401 3411 568 3476 1Seguerius
587 3411 809 3487 ἀναεετραμμένη
828 3416 935 3481 scripsit
953 3432 1033 3481 neque
1052 3416 1181 3482 quicquam
1199 3415 1341 3466 adnotavit.

341 3542 348 3562 ,
402 3479 595 3549 ²Psrticipium
610 3477 835 3552 ἀπεστραμμένη
854 3483 945 3534 falsum
959 3500 1014 3534 esse
1027 3491 1104 3550 patet.
1141 3498 1219 3549 neque
1233 3483 1298 3534 enim
1309 3483 1504 3535 mediumverbi

333 3549 522 3630 αντιστρέιμειν
539 3566 594 3600 cunr
613 3553 726 3631 accusati
731 3568 766 3632 ve
777 3552 815 3602 rei
828 3553 946 3633 coniungi
959 3554 1035 3633 solet,
1054 3553 1097 3603 sed
1110 3551 1218 3632 medium
1232 3552 1305 3602 verbi
1317 3546 1505 3634 ἀποστρέφειν

332 3617 1506 3754 tutttllllmadast?tuttelstet:lllllltsdttsltltttttt

332 3747 415 3820 λόγον
438 3755 533 3820 dieunt,
556 3763 585 3806 ut
607 3755 764 3825 Chrysippus
787 3759 850 3823 apud
875 3757 997 3808 Galenunr
1020 3705 1057 3808 ola
1079 3707 1504 3838 Ptaa.11ppoarata90dr²tat.1v

333 3823 390 3939 8189,
406 3838 419 3875 s
436 3823 474 3904 σέ.
493 3823 536 3874 lu.
555 3824 643 3876 Muell.
663 3821 766 3892 ἄλογον
778 3863 784 3876 .
798 3861 824 3876 ..
847 3820 1079 3895 ἀπεστραμμένον
1100 3822 1147 3876 τὸν
1168 3827 1253 3892 λογον
1275 3833 1301 3877 et
1319 3824 1431 3877 Galenus
1450 3828 1504 3891 ipse

331 3906 340 3940 1
359 3929 365 3941 ι
385 3907 570 4026 sgolllldldnullns
589 3962 749 4012 coniecturas
769 3963 949 4012 commentario
970 3962 1101 4014 Cornificii
1119 3978 1134 4013 a
1152 3978 1179 4012 se
1192 3977 1214 4012 a.
1231 3962 1295 4013 1854
1308 3963 1371 4012 editi
1384 3963 1504 4026 inseruit,

331 4029 418 4092 plures
437 4029 555 4093 protulit,
574 4046 628 4079 cunr
647 4029 704 4096 Spl
721 4037 870 4082 recenseret
883 4030 986 4083 latret.
999 4032 1027 4098 s.
1042 4031 1106 4082 Part.
1121 4031 1195 4081 LXX
1211 4031 1275 4082 1854
1290 4047 1313 4096 p.
1328 4031 1376 4080 295
1396 4039 1422 4080 et
1439 4047 1503 4081 anno

332 4097 479 4177 insequente
494 4095 648 4178 llldncbener
662 4096 775 4150 Gelebrte
786 4101 851 4149 Anz.
864 4097 922 4150 XLI
937 4101 1001 4150 1855
1015 4116 1038 4166 p.
1053 4100 1143 4160 1-13,
1162 4101 1205 4150 ubi
1224 4100 1255 4148 de
1272 4099 1390 4151 Finekbii
1409 4100 1504 4150 disser-

330 4167 676 4285 tatroqepqqmpynsscyqlryyc
695 4236 748 4302 ipse
767 4252 863 4302 quoquc
877 4236 911 4302 Sp
925 4236 933 4286 l
951 4252 1087 4288 recensens
1100 4235 1202 4287 Jabrbb.
1213 4238 1241 4303 s.
1255 4235 1320 4286 Pto.
1334 4235 1420 4286 LXIX
1440 4236 1504 4286 1853

331 4316 354 4366 p.
368 4301 417 4350 645
441 4303 538 4368 tetigit,
565 4304 704 4369 permultos
731 4305 757 4354 in
783 4313 966 4371 programmate
994 4305 1127 4373 Gymnasii
1152 4305 1267 4355 Carolini
1295 4305 1504 4356 Heilbronnensis

335 4369 407 4432 1854,
426 4371 466 4420 cui
485 4373 634 4422 dissertatio
653 4373 722 4422 inest
739 4372 778 4422 De
795 4376 888 4424 tuenti
905 4376 1017 4425 auctoris
1034 4376 1102 4424 artis
1119 4374 1260 4425 rhetoricae
1276 4378 1334 4440 post
1352 4372 1503 4438 Segacrisem

331 4453 347 4487 α
366 4435 498 4489 Lccnmdo
516 4438 649 4506 Spengelo'o
667 4441 750 4492 editae
768 4441 830 4493 locis
848 4442 943 4508 aliquot
960 4441 1133 4493 accendendis.
