3536 5208
691 417 943 481 -XXI-

234 597 251 656 7
268 627 293 666 1⁸
313 593 381 656 solis
397 593 552 655 restituere
568 595 729 674 temptavit,
746 597 795 658 sed
812 595 911 656 eadem
928 615 942 656 a
959 596 1122 677 Doxopatro
1138 598 1174 658 W
1189 597 1214 658 11
1233 597 1291 657 123
1307 617 1393 678 „sqq.

232 698 385 780 compilata
408 705 461 771 est,
485 693 882 770 01111111230οι12431
904 699 951 759 alii
973 700 1046 760 fines
1073 697 1168 783 ἔργον
1196 701 1339 780 prooemii
1366 711 1395 763 et

233 801 335 882 epilogi
351 799 753 880 extentatqueW1171,1⁶.
787 799 923 862 Nicolaus
946 820 1013 881 ergo
1035 821 1094 863 non
1115 805 1202 866 modo
1225 804 1298 865 duos
1321 805 1394 866 fines

232 903 407 965 narrationis
422 904 459 963 W
473 905 520 974 11,
533 931 576 957 =
588 905 628 984 Sp
643 903 683 963 lll
698 903 760 964 450
776 935 801 973 2³
816 903 956 965 adtulisse
972 906 1022 966 sed
1038 906 1125 967 etiam
1143 904 1237 987 ἔργον
1251 908 1394 987 prooemii

233 1017 262 1068 et
291 1007 394 1088 epilogi
424 1005 532 1087 duplici
563 1007 647 1068 modo
671 1005 835 1067 definivisse
857 1006 981 1068 videtur.
1026 1009 1161 1070 undecim
1184 1009 1298 1082 finium,
1321 1030 1395 1090 quos

232 1111 341 1172 Nicolai
362 1109 631 1191 Progymnasmatis
653 1108 850 1188 adsignemus,
873 1117 1015 1189 quattuor
1036 1110 1067 1170 in
1087 1111 1220 1192 Epitoma
1242 1113 1395 1192 reperiun-

233 1215 299 1276 tur1
321 1223 351 1274 et
372 1213 449 1274 inter
471 1233 520 1274 eos
543 1212 672 1274 Platonis
694 1213 761 1273 finis
784 1212 889 1293 epilogi
911 1209 1015 1292 ἔργον,
1038 1233 1054 1274 0
1077 1235 1135 1294 quo
1158 1225 1187 1276 et
1208 1217 1282 1296 apud
1305 1217 1395 1278 Nico-

231 1317 310 1378 laum
333 1318 372 1396 Sp
387 1316 413 1376 11
429 1317 488 1376 451
513 1324 543 1376 et
563 1315 640 1376 1141
658 1349 684 1386 12
710 1315 886 1396 praepositio
917 1313 995 1396 περὶ
1022 1335 1038 1377 0
1065 1317 1186 1379 Ρ101000
1212 1319 1308 1380 verbis
1334 1319 1396 1381 coia

232 1419 412 1502 εἰρημένων
433 1419 559 1498 praelixa
582 1418 673 1480 abest.
732 1420 869 1498 quintum
892 1438 928 1480 ex
942 1418 1052 1481 Nicolai
1073 1421 1181 1483 finibus
1196 1423 1235 1502 Sp
1249 1423 1395 1493 11145024

231 1523 289 1584 iam
318 1523 347 1582 in
377 1521 433 1582 alio
462 1530 599 1601 excerpto
621 1521 700 1582 Artis
723 1522 888 1584 deteximus
910 1522 947 1581 W
962 1523 1011 1583 Vll
1027 1523 1088 1585 729
1104 1553 1139 1596 n·
1183 1527 1281 1604 itaque
1307 1526 1394 1586 etiam

231 1634 396 1688 ceterorum
420 1644 471 1686 sex
493 1624 596 1685 finium
620 1634 768 1704 quattuor,
791 1645 865 1706 quos
888 1627 961 1687 hene
984 1627 1018 1687 ad
1035 1630 1135 1689 Artem
1157 1629 1299 1708 quadrare
1315 1628 1396 1689 vide-

231 1729 339 1802 bimus,
361 1729 429 1790 inde
451 1729 481 1789 in
503 1727 763 1808 Progymnasmata
785 1731 905 1794 fluxisse
928 1731 987 1793 veri
1011 1731 1106 1793 simile
1129 1740 1183 1792 est.
1223 1731 1299 1791 solos
1322 1732 1395 1791 fines

232 1827 437 1905 ἀντιθέσεως
459 1840 488 1892 et
509 1826 639 1903 λύσεως,
662 1832 770 1912 quibus
793 1833 822 1894 in
845 1833 924 1908 Arte,
951 1854 1025 1914 quae
1052 1830 1228 1896 ἀντίθεσιν
1249 1842 1279 1895 et
1301 1830 1396 1896 λύσιν

232 1955 290 1997 000
314 1937 343 1996 10
366 1943 463 2016 partes
486 1933 627 1995 orationis
649 1936 801 2008 referebat,
828 1937 910 1998 locus
938 1957 998 2000 non
1028 1947 1099 2011 erat,
1121 1937 1256 1999 Nicolaus
1279 1935 1395 1998 aliunde

232 2039 372 2120 repetisse
395 2039 557 2100 sumendus
579 2045 633 2099 est.

672 2211 718 2272 lV.
753 2212 952 2274 Geometra.

317 2315 469 2386 Omnium,
491 2315 542 2394 qui
565 2314 643 2376 Artis
665 2324 800 2395 excerpta
822 2315 970 2393 exhibent,
994 2334 1150 2395 supremus
1166 2315 1318 2378 Geometra
1342 2327 1395 2388 est,

232 2419 316 2482 cuius
344 2414 494 2500 ἐξήγησις
516 2417 564 2491 εἰς
584 2417 625 2480 τὰ
647 2413 933 2500 προγυμνάσματα
954 2419 1012 2482 rod
1036 2414 1239 2500 Ἀφθονίσυ2
1262 2439 1277 2480 a
1302 2420 1397 2482 11000-

231 2533 314 2605 patro
343 2541 410 2584 cum
439 2520 508 2582 alias
539 2530 601 2582 tum
632 2521 682 2582 ubi
712 2521 746 2582 de
769 2521 926 2584 virtutibus
953 2522 1129 2584 narrationis
1151 2522 1290 2600 agebatur
1312 2542 1395 2584 com-

231 2627 319 2708 pilata
348 2636 401 2688 est.
446 2624 501 2686 etsi
528 2625 617 2686 buius
644 2624 893 2705 interpretationis
920 2635 1023 2689 auctor
1048 2645 1063 2686 a
1086 2624 1251 2704 lloxopatro
1276 2625 1396 2687 nomine

233 2731 403 2792 Geometrae
426 2728 488 2789 solo
510 2728 678 2809 appellatur,
704 2749 764 2791 non
788 2730 919 2791 diversus
935 2750 999 2792 esse
1014 2730 1129 2792 videtur
1144 2729 1180 2789 ab
1194 2728 1304 2789 Joanne
1321 2730 1396 2790 Geo-

233 2844 334 2904 metra,
357 2850 445 2911 quem
469 2831 565 2892 studia
588 2831 731 2893 rhetorica
754 2833 831 2894 haud
853 2844 1041 2912 aspernatum
1065 2852 1129 2894 esse
1151 2838 1275 2892 constat.
1319 2831 1396 2893 inter

233 2937 325 2998 multa
348 2934 424 2996 enim
449 2953 545 3014 opera,
568 2953 642 3014 quae
664 2935 720 2996 sub
742 2935 804 2995 eius
826 2934 946 2995 nomine
970 2937 1112 3004 teruntur,
1135 2933 1284 3013 complura
1307 2952 1394 2995 euco-

234 3041 291 3102 mia
307 3049 337 3100 et
352 3038 505 3119 ecphrases
520 3037 617 3098 suntl.
647 3049 726 3098 aetas
741 3037 870 3098 hominis
886 3038 992 3117 sylloga
1008 3037 1171 3099 carminum
1183 3036 1330 3098 variorum
1346 3056 1396 3098 co·

234 3144 306 3205 dicis
318 3143 383 3203 Par.
395 3141 491 3220 suppl.
504 3138 566 3201 352
578 3139 725 3200 definitur.
746 3139 829 3201 cuius
840 3139 871 3200 in
883 3151 996 3220 partem
1009 3141 1177 3202 inferiorem
1189 3140 1396 3220 epigrammata

234 3247 415 3307 diversorum
433 3251 596 3314 auctorum,
613 3261 740 3321 quorum
755 3243 874 3305 nomina
890 3252 1032 3318 tacentur,
1048 3245 1158 3304 inserto
1174 3243 1272 3303 odario
1286 3243 1396 3304 erotico

234 3359 369 3427 congesta
397 3354 480 3418 sunt,
508 3345 605 3426 priore
634 3353 716 3424 parte
743 3356 878 3426 poemata
906 3347 1069 3410 Christiana
1099 3345 1296 3418 continentur,
1320 3365 1394 3425 quae

234 3452 402 3521 Cramerus,
432 3449 546 3528 primus
573 3450 696 3530 sylloges
723 3448 843 3524 editor⁴,
870 3451 937 3530 quia
965 3451 996 3511 in
1023 3469 1125 3511 eorum
1147 3449 1232 3510 initio
1255 3459 1396 3528 quattuor

233 3553 333 3635 hymni
355 3563 385 3613 et
407 3552 462 3612 sub
484 3553 572 3612 finem
596 3572 701 3614 novem
725 3552 910 3614 Canticorum
935 3554 1134 3634 metaphrases
1156 3560 1299 3622 extarent,
1321 3571 1396 3630 quae

233 3657 296 3718 aliis
318 3655 494 3735 quibusdam
518 3656 601 3716 codd.
613 3656 718 3717 loanni
741 3657 912 3717 Geometrae
934 3655 1178 3724 adscriberentur,
1203 3662 1305 3715 cuncta
1328 3654 1397 3715 huic

234 3769 334 3840 poetae
357 3757 522 3819 vindicavit.
578 3759 707 3820 Crameri
736 3758 927 3820 coniecturaev
940 3759 1016 3820 vires
1038 3767 1228 3820 accreverunt
1249 3775 1294 3829 eo,
1317 3757 1395 3836 quod

301 3943 904 4012 1Sp111450201=u§9345022=§48;
923 3943 1158 4009 tsoeo=tlem
1177 3942 1396 4007 4513=gaun

301 4015 376 4064 2llic
400 4016 491 4064 titulus
510 4013 659 4063 Geometrae
683 4013 768 4077 operis
791 4013 869 4062 semel
887 4014 912 4061 in
932 4013 1072 4078 lloxopatri
1091 4012 1205 4061 llomiliis
1225 4010 1259 4060 W
1271 4010 1291 4061 11
1311 4011 1359 4061 104
1373 4025 1398 4065 rc

234 4082 357 4145 adfertur,
378 4083 421 4132 sed
440 4083 539 4148 saepius
558 4082 581 4130 in
601 4081 739 4146 lloxopatri
759 4080 922 4143 Hermogenis
940 4081 969 4129 de
988 4078 1041 4130 lov.
1060 4081 1118 4128 libri
1137 4079 1357 4142 interpretatione.

301 4150 476 4200 ³0ratiouem
503 4151 533 4199 de
560 4149 625 4199 malo
650 4164 663 4198 e
690 4149 779 4198 codice
807 4148 850 4199 Gr.
874 4149 971 4199 Matrit.
995 4145 1117 4198 LXXXII
1143 4147 1282 4210 publicavit
1303 4146 1396 4197 lriarte

235 4218 315 4268 Cctol.
339 4217 408 4269 codd.
434 4216 476 4268 Gr.
499 4217 598 4269 Matini.
621 4233 644 4282 p.
663 4217 719 4268 301.
755 4218 857 4267 eandem
881 4217 1029 4280 orationem,
1052 4215 1188 4264 encomium
1213 4230 1329 4280 quercus,
1354 4231 1395 4266 ec·

235 4287 335 4354 pbrasiu
362 4287 431 4336 horti
457 4286 568 4352 aliasque
595 4287 651 4336 eins
677 4286 744 4336 modi
772 4285 902 4335 orationes
929 4285 1015 4336 codiee
1042 4287 1144 4335 Beroea.
1166 4282 1241 4334 XXV
1269 4283 1396 4333 contineri

233 4355 399 4421 comperimus
418 4354 541 4404 bernardi
560 4355 641 4406 Catal.
661 4353 730 4404 codd.
749 4352 881 4420 Anglairel
899 4370 921 4420 p.
935 4353 958 4405 3.

300 4424 311 4456 ⁴
328 4422 422 4474 Aneed.
444 4421 487 4474 Gr.
506 4425 591 4474 Parae.
605 4423 639 4476 lV
657 4439 680 4494 p.
693 4422 835 4478 tol-388.
