3536 5208
704 402 919 466 -H-

232 575 312 637 vitati
341 576 427 638 noxia
462 597 525 640 esse
559 578 679 652 dicitur,
713 579 816 660 ceteris
849 579 988 641 insertam
1012 587 1041 642 et
1066 580 1221 642 Alexandri
1247 579 1333 644 verba
1361 583 1392 644 iu

232 678 354 741 Cornuti
375 680 482 742 librum
506 689 601 764 atque.
614 683 683 744 inde
704 683 735 744 iu
751 683 922 745 Geometrae
941 685 1184 746 commentarium
1203 686 1392 768 transscripta

232 801 296 844 esse
318 799 491 863 persuasum
511 785 683 848 -habemus.¹

316 886 469 950 Geometra
496 899 612 969 praeter
634 883 892 960 ἀναδιπλιέσεως
914 888 1096 970 exemplum,
1126 891 1204 970 quod
1227 891 1393 972 corruptius

232 986 351 1057 ll151a
373 1008 490 1070 quoque
511 992 626 1072 legitur,
649 992 774 1053 alterum
797 990 927 1052 exhibet:

232 1088 269 1150 W
284 1090 310 1150 ll
325 1090 387 1151 232
403 1123 429 1161 20
451 1089 541 1156 sate
556 1092 695 1176 ποιητης
710 1095 745 1172 (Y
761 1095 834 1172 371)
856 1094 932 1156 <cori
947 1091 975 1156 δ’
988 1091 1050 1175 ἐγώ
1064 1089 1173 1168 ἀντίος
1186 1097 1268 1178 εἶμι,
1292 1093 1347 1157 καὶ
1363 1095 1394 1158 ελ

274 1192 473 1277 πυρὶχεῖραη
479 1193 595 1273 ἔοικεν,
609 1197 727 1280 sinapi
736 1207 846 1281 χεῖρας
859 1195 1059 1279 §casaperta
1068 1195 1232 1260 δἀἵθωνι
1246 1195 1369 1282 σιδήρῳ
1375 1216 1393 1261 >.

231 1293 318 1354 etiam
355 1296 412 1358 boo
444 1299 608 1379 exemplum
643 1301 796 1363 Geometra
829 1301 905 1382 apud
939 1300 1102 1362 Cornutum
1135 1301 1238 1380 legisse
1270 1301 1393 1364 videtur.

231 1415 299 1458 uam
322 1397 416 1460 eidem
440 1419 541 1462 versus
563 1401 600 1463 ab
621 1403 784 1466 Alexandro
806 1405 977 1466 adferuntur
1001 1404 1041 1484 Sp
1054 1403 1094 1464 lll
1109 1403 1149 1464 20
1164 1403 1193 1472 θ’
1217 1412 1246 1464 et
1274 1424 1341 1466 eum
1363 1405 1393 1465 in

230 1509 292 1562 arte
314 1520 366 1563 sua
388 1503 443 1564 bos
463 1523 564 1566 uersus
588 1525 645 1568 uua
667 1526 734 1568 cum
749 1507 799 1568 illo
813 1508 877 1568 loco
893 1506 1118 1568 Demosthenico
1134 1505 1184 1584 (W
1199 1507 1224 1567 ll
1239 1506 1300 1568 232
1317 1539 1342 1578 1⁸
1352 1533 1395 1560 =

230 1602 254 1663 Ε
272 1605 309 1664 15
325 1607 362 1681 η)
385 1606 519 1668 laudasse
540 1627 575 1668 eo
597 1609 776 1689 probabilius
799 1619 853 1678 est,
875 1611 952 1688 quod
975 1609 1020 1670 bis
1042 1609 1186 1689 exemplis
1209 1610 1267 1671 duo
1290 1627 1393 1688 genera

230 1706 393 1772 iterationis
408 1709 444 1770 ab
459 1710 622 1773 Alexandro
642 1712 777 1774 distincta
793 1713 847 1793 (Sp
862 1713 901 1773 lll
916 1713 956 1773 20
971 1720 995 1791 a)
1009 1713 1222 1776 ἰΙΙιιειιειιιιιιι.8
1243 1713 1285 1773 'iu
1304 1713 1394 1774 altero

232 1811 310 1871 euim
334 1811 421 1873 verba
442 1812 546 1874 iterata
567 1815 732 1887 cohaerent,
754 1815 786 1876 iu
809 1815 984 1877 alteroaliis
1007 1816 1102 1878 verbis
1125 1816 1353 1895 distinguuntur.

317 1914 359 1976 lle
381 1934 436 1977 usu
467 1916 662 1997 tropicarum,
693 1920 727 1980 ad
750 1937 837 1998 quem
860 1917 1009 1998 Epitomes
1037 1919 1122 1980 verba
1146 1923 1164 1994 §
1184 1921 1225 1980 74
1252 1928 1393 2000 spectant,

231 2015 386 2079 Geometra
408 2018 479 2080 haec
500 2021 654 2102 praecipit:

230 2118 267 2179 W
280 2119 411 2192 11'232a
432 2121 558 2206 τροπὴν
580 2121 618 2185 δὲ
639 2114 716 2201 οὐχὶ
739 2122 853 2186 πᾶσαν
875 2119 1111 2206 (ἐκβάλλομεν),
1136 2120 1204 2186 ἀλλ’
1220 2118 1289 2203 ἥτις
1304 2121 1395 2188 ἐστὶν

272 2219 496 2306 έπεξηγήσεως
522 2223 660 2308 δεομένη
691 2220 733 2299 ὠς
758 2224 795 2288 τὸ
827 2226 921 2304 (Dem.
945 2226 963 2288 3
986 2231 1004 2302 ξ
1026 2227 1078 2304 31)
1101 2225 1393 2308 <essecommoda

272 2329 506 2409 περιῃρημένοι
532 2325 693 2412 χρήματα,
722 2325 935 2411 συμμάχουφ.
991 2321 1218 2412 taeterrimae
1241 2329 1392 2414 δεομένη,

271 2421 341 2510 ἥτις
368 2427 492 2512 σκληρά
517 2453 552 2492 τε
578 2430 633 2493 καὶ
661 2427 845 2515 ἀσυνήθης,
876 2427 918 2505 ὦς
947 2426 1004 2514 ἦγε
1026 2429 1174 2516 συνήθης
1197 2431 1270 2512 [καὶ]
1293 2456 1394 2517 μετα-

271 2530 389 2615 φορικη
412 2530 538 2616 μᾶλλον
563 2527 732 2617 ἐπιτέμνει
754 2533 810 2597 καὶ
832 2532 877 2597 δι’
900 2531 1019 2614 ὀλίγων
1041 2535 1152 2600 πολλὰ
1173 2539 1391 2620 περιΐστησιν.

270 2629 290 2696 o‘
316 2635 396 2712 γοῦν
419 2638 640 2720 Δημοσθένης
667 2637 771 2700 εἰπών
797 2638 830 2718 (2
851 2639 918 2719 aa)
940 2638 1057 2721 <μιιιρὰ
1083 2639 1254 2726 πρόφασις
1276 2641 1331 2700 καὶ
1353 2638 1392 2701 τὸ

270 2735 387 2820 μικρὸν
415 2749 568 2821 πταῖσμα
594 2734 725 2802 ἅπαντα
756 2736 969 2820 craxamus,
1003 2740 1061 2805 διὰ
1089 2742 1169 2824 μιᾶς
1195 2738 1309 2815 λέξεως
1338 2737 1394 2803 καὶ

270 2840 384 2906 πᾶσαν
405 2837 486 2924 ἡμῖν
507 2840 566 2924 τὴν
588 2841 782 2927 παραβολὴν
804 2846 999 2928 παρέστησε.

228 2942 297 3005 licet
329 2945 484 3007 Geometra
517 2945 638 3008 Cornuti
672 2947 751 3008 Artis
784 2947 870 3009 verba
907 2947 1021 3008 auxerit
1053 2945 1284 3024 dilataveritque‚
1322 2966 1391 3008 eum

227 3046 354 3126 priorem
377 3051 523 3130 praecepti
544 3058 672 3129 partem,
706 3069 780 3129 quae
810 3050 962 3131 Epitomae
984 3050 1080 3125 deest,
1113 3067 1236 3110 novasse
1258 3049 1393 3111 credibile

227 3159 362 3212 nonest.
407 3170 475 3212 uam
498 3162 686 3233 praeceptum
701 3172 736 3214 eo
757 3153 831 3227 loco,
854 3173 913 3232 quo
935 3155 1011 3234 apud
1028 3153 1191 3215 Cornutum
1213 3151 1244 3212 id
1259 3152 1389 3232 positum

228 3255 319 3315 luisse
341 3254 475 3335 Epitoma
497 3257 591 3330 docet,
614 3255 692 3318 iuter
714 3255 820 3318 seriem
843 3256 1003 3334 figurarum
1026 3256 1162 3318 brevitati
1184 3255 1339 3317 noxiarum
1362 3265 1392 3318 et

228 3356 334 3418 seriem
357 3357 484 3434 utilium,
507 3359 694 3440 aptissimum
717 3367 792 3434 erat,
816 3358 841 3420 si
863 3358 918 3420 alia
942 3357 1051 3438 tropica
1073 3358 1159 3421 vitari
1181 3359 1237 3422 alia
1259 3358 1391 3420 adbiberi

295 3593 412 3646 1[λιιιιιιι
430 3595 574 3646 Alexander
595 3596 649 3662 ipse
671 3597 698 3647 in
721 3604 777 3647 arte
800 3611 845 3648 sua
867 3612 957 3648 nomen
978 3595 1007 3649 ἐκ
1029 3590 1201 3666 παραλλήλου
1218 3595 1390 3662 usurpaverit,

228 3679 259 3713 ιιι
278 3662 413 3714 Geometra
434 3665 483 3714 boc
504 3665 530 3714 in
553 3665 635 3716 locunt
656 3667 827 3733 συνωνυμίας
844 3665 1007 3714 substituerit
1024 3665 1118 3715 nescio.
1155 3665 1179 3713 in
1198 3681 1227 3715 eo
1246 3665 1309 3729 quod
1328 3663 1391 3714 Cor-

228 3739 303 3781 nutus
325 3733 530 3798 breviloqucntes
552 3740 579 3782 et
600 3733 747 3800 synonymis
768 3733 807 3782 nti
826 3733 938 3782 vetuerit
956 3740 983 3782 et
1000 3732 1106 3797 figuram
1124 3735 1288 3800 synonymiae
1307 3731 1391 3783 vitare

227 3800 342 3863 iusserit,
361 3800 534 3851 offendendum
551 3815 600 3849 uon
619 3809 665 3864 est,
683 3801 800 3866 quoniam
817 3802 879 3850 baec
894 3807 1051 3866 praeceptae
1065 3801 1263 3854 diversislibris
1276 3801 1390 3866 sumpsit.

228 3867 260 3918 cl.
279 3868 487 3934 Harpocrationis
504 3877 664 3952 praeceptum
682 3870 703 3919 lt
725 3870 754 3920 18
769 3887 781 3923 ι
799 3876 827 3920 ct
843 3868 948 3920 Neoclis
967 3869 988 3919 ll
1009 3869 1037 3920 ll
1053 3885 1074 3922 e.

295 3935 305 3968 λ
322 3937 466 4018 Exemplum
478 3950 668 4005 περιφρασεως
680 3937 700 3988 Ε
718 3937 747 4018 lb
759 3953 830 3990 14=
843 3937 878 3990 W
890 3936 912 3987 Π
923 3937 973 3988 232
987 3954 1000 3992 t
1012 3937 1091 4002 ipsum
1104 3953 1199 4003 qnoque
1211 3937 1238 3987 iu
1251 3935 1391 3988 Alexandri

227 4006 257 4054 de
276 4004 845 4137 fipuppspppppngpiilpedssgprpppleiprrtprpnihfl
862 4073 913 4123 uisi
931 4072 1055 4139 epitomen
1074 4073 1130 4124 eins
1148 4071 1213 4123 ferri
1230 4071 1391 4126 Steuslollins

226 4141 413 4192 demonstravit
436 4141 532 4203 Quibus
553 4143 582 4194 de
603 4145 689 4193 causis
710 4140 857 4193 Aeaandri
877 4139 1000 4193 Numenii
1019 4145 1065 4192 etc.
1100 4142 1166 4192 Diss.
1184 4141 1292 4194 Vratisl.
1314 4141 1390 4205 1861)

225 4203 398 4277 ἐπανάληψις
414 4209 448 4275 Sp
465 4209 497 4260 lll
516 4212 547 4262 19
559 4227 585 4264 ec
602 4219 628 4262 et
650 4205 834 4266 ἆναδίπλωσις
850 4209 885 4275 Sp
901 4208 933 4259 Ill
950 4210 983 4260 29
997 4228 1010 4265 a
1027 4210 1226 4274 distinguuntur,
1250 4210 1294 4260 sed
1312 4210 1390 4262 verba

226 4279 358 4345 utriusque
381 4279 433 4329 loci
456 4279 492 4329 ita
510 4278 614 4329 conlusa
632 4287 699 4340 eunt,
721 4279 824 4344 utquid
843 4279 910 4328 inter
926 4279 971 4328 bes
990 4278 1083 4343 ligures
1101 4278 1204 4329 differat
1221 4294 1270 4328 non
1289 4279 1390 4328 intelle-

226 4355 308 4410 gatur,
344 4349 369 4398 in
394 4354 451 4398 arte
469 4363 514 4397 sua
531 4348 674 4398 Alexander
692 4354 720 4396 ut
737 4347 902 4397 Pboebarnmo
920 4347 953 4411 Sp
965 4345 997 4396 lll
1014 4349 1046 4397 46
1059 4363 1084 4401 ra
1102 4347 1238 4412 quamlibet
1254 4347 1390 4398 verberum

227 4417 389 4468 iterationem
408 4416 507 4466 nomine
524 4407 736 4474 ἀναδιπλώσεως
753 4415 911 4479 significasse
929 4415 1040 4465 videtur.

1197 4498 1322 4552 d*.
