3538 5212
839 428 1059 492 „38-

369 601 437 668 ἀπδ
460 604 524 668 τῶν
547 598 653 668 αὐτῶν
675 601 736 686 ἀφ’
759 597 870 685 άνπερ
893 604 948 666 καὶ
971 603 1028 678 τάς
1044 607 1223 686 μαρτυρίας
1238 600 1391 686 λύσομεν,
1415 598 1465 667 ὅτι
1482 603 1538 666 καὶ

369 704 533 790 πρότερόν
554 729 641 781 τινες
663 705 872 794 ἐπιώρκησαν
894 707 950 770 καὶ
973 704 1094 781 πάντες
1117 703 1149 768 οἳ
1171 705 1212 768 τὰ
1232 702 1333 769 ἄδικα
1357 704 1538 787 τολμῶντες

372 806 474 884 οὕτως
497 808 640 890 ἔχουσιν,
664 808 708 885 οἷς
730 811 783 889 ἄν,
808 813 838 874 εί
863 810 1008 896 (χρείη),
1033 809 1088 872 καὶ
1111 808 1317 893 ἐπιορκῆσαι.

458 913 528 976 192.
556 913 660 977 Τοῦτο
684 913 721 976 δὲ
744 914 797 978 δεῖ
819 913 943 978 εἰδέναι
967 907 1018 975 ὅτι
1041 908 1120 976 ὅταν
1142 911 1247 975 πλείω
1271 911 1389 992 ἰσχυρά
1403 910 1539 994 ἔχωμεν,

371 1012 467 1093 ὀλίγα
490 1015 527 1078 δὲ
550 1011 691 1100 ἀσθενῆ,
715 1017 836 1099 μεταξδ
857 1020 922 1082 τῶν
946 1015 1086 1098 ἰσχυρῶν
1107 1014 1145 1076 τά
1163 1011 1291 1098 ἀσθενῆ
1307 1012 1466 1098 προσήκει
1488 1020 1576 1074 wo

372 1122 482 1184 θέναι.
527 1114 606 1182 ὅταν
638 1118 676 1182 δὲ
711 1119 844 1204 ἰσχυρὸν
873 1124 907 1184 ἓν
941 1117 1077 1201 ἔχωμεν,
1109 1116 1217 1182 πλαττ)
1247 1116 1284 1180 δὲ
1312 1111 1348 1206 ᾗ,
1377 1111 1540 1190 διελόντες

373 1218 451 1287 αὐτὸ
474 1225 577 1304 μέσον
598 1220 635 1285 τὸ
659 1218 800 1298 ἀσθενὲς
821 1221 985 1307 θήσομεν,
1015 1215 1125 1302 ὥσπερ
1154 1221 1210 1284 καὶ
1236 1217 1295 1306 (ὁ)
1322 1220 1541 1303 Δημοσθένης

373 1328 539 1408 πεποίηκε
561 1328 663 1406 μέσον
683 1322 782 1400 τάξας
803 1325 840 1390 τὸ
864 1323 1059 1409 παράνομον
1082 1325 1139 1405 (18
1162 1324 1279 1405 §110).
1331 1324 1361 1386 εί
1388 1321 1424 1385 δὲ
1445 1323 1540 1386 τοῦτο

374 1427 418 1511 μή
443 1426 542 1510 ἐνείη,
566 1427 603 1490 τὸ
626 1423 767 1502 ἀσθενὲς
790 1427 1010 1512 προτάξαντες
1033 1422 1134 1501 οὕτως
1156 1423 1321 1510 ἐπάξομεν
1342 1425 1379 1488 τδ
1396 1422 1540 1507 ἰσχυρόν.

377 1529 446 1592 193.
475 1529 545 1592 ε”στι
573 1527 610 1591 δὲ
640 1525 693 1592 ὅτε
722 1530 778 1592 καὶ
806 1529 920 1617 ἀθρόα
947 1528 1050 1596 πλείω
1079 1528 1245 1615 κεφάλαια
1273 1528 1436 1612 θήσομεν,
1464 1523 1542 1592 ὅταν
1563 1537 1596 1591 10

375 1628 483 1696 αὐτῶν
504 1630 541 1695 αἱ
564 1633 763 1696 κατασκευαὶ
787 1630 854 1698 ἀπδ
879 1636 944 1700 τάν
966 1631 1073 1700 αὐτῶν
1096 1629 1157 1696 ὦσι
1178 1629 1302 1697 τόπων.
1344 1631 1404 1694 τοῦ
1425 1629 1463 1694 δὲ
1485 1627 1543 1694 ἀν-

374 1734 503 1798 τιδίκου
517 1734 578 1818 (τά
588 1733 773 1820 κεφάλαια)
787 1734 861 1801 τότε
876 1735 1021 1820 μάλιστα
1036 1741 1155 1802 θετέον
1170 1733 1295 1818 ἀθρόα,
1311 1731 1390 1799 ὅταν
1402 1732 1544 1816 ἔμφασις

375 1834 396 1928 p*
427 1837 547 1922 μάχης·
586 1836 782 1923 εάδηλοτέρα
814 1840 876 1922 γὰρ
911 1836 1012 1914 οὕτως
1045 1839 1086 1905 ἀν
1121 1835 1142 1924 ῆ
1175 1837 1366 1912 ἐναντίωσις
1398 1841 1542 1915 γένοιτο·

374 1940 621 2025 συγχυθήσεται
646 1940 683 2004 δὲ
705 1941 810 2006 ἐνίοτε
834 1943 872 2006 τά
888 1941 1066 2028 κεφάλαια,
1091 1938 1170 2007 ὅταν
1185 1966 1217 2004 τι
1232 1939 1363 2023 σαθρὸν
1383 1939 1418 2004 έν
1433 1937 1545 2014 αὐτοῖς

442 2107 457 2157 3
476 2103 511 2164 ὡς
528 2103 573 2170 ἀν,
591 2107 616 2158 εἰ
636 2107 754 2175 (χρείη),
772 2111 818 2160 καί
834 2106 996 2191 ἐπιορκῆσαι
1013 2110 1120 2174 scripsi:
1139 2104 1175 2166 ὠς
1192 2102 1227 2159 ἀν
1245 2109 1271 2158 εἰ
1280 2108 1326 2158 καί
1337 2101 1546 2172 ἐπιορκήσαντες

374 2174 402 2238 P,
425 2171 462 2232 άς
484 2171 519 2226 ἀν
541 2177 599 2239 εἰκῆ
610 2176 669 2240 Sug,
691 2173 792 2229 άσανεί
811 2172 863 2228 κάν
878 2178 905 2242 F,
928 2194 963 2234 ως
981 2172 1017 2230 ἀν
1035 2179 1077 2239 [εἰ]
1095 2179 1141 2228 καὶ
1159 2177 1282 2242 Ssuppius
1335 2178 1349 2225 5
1375 2172 1473 2242 μεταξὺ
1493 2177 1547 2227 τῶν

375 2244 495 2315 ἰσχυρῶν
520 2244 626 2312 scripsi:
652 2243 720 2311 μετὰ
743 2241 775 2296 τά
799 2243 898 2315 ίσχορά
912 2245 945 2312 Ρ,
968 2246 1039 2312 μέσα
1058 2241 1100 2306 [τά
1123 2248 1152 2296 ἰσ
1173 2243 1374 2316 ορά18ιιομμὶιιτ
1426 2244 1442 2294 8
1468 2244 1493 2295 εἰ
1519 2242 1547 2296 δὲ

375 2311 454 2362 τοῦτο
486 2309 526 2379 μὴ
557 2310 627 2376 ἐνείη
655 2313 723 2363 wil:
755 2315 780 2364 εἰ
810 2313 841 2364 δὲ
870 2311 971 2365 τούτων
999 2314 1084 2382 μηδὲν
1104 2307 1122 2384 ῆ
1146 2263 1174 2377 ἔ,
1199 2310 1249 2364 ίάν
1273 2311 1301 2364 δὲ
1323 2349 1355 2363 ..
1390 2303 1480 2382 ᾖδες
1530 2313 1546 2363 9

375 2375 573 2450 ἀσθενέστερον
590 2377 744 2440 τάξαντεςΡ
763 2379 880 2438 ἀσθενὲς
896 2379 1028 2450 πρότερον
1046 2379 1100 2440 τάξ.
1114 2382 1172 2464 ⁸⁰52
1191 2379 1304 2438 ἀσθενὲς
1315 2379 1462 2446 aporos?
1517 2382 1545 2432 11

375 2444 435 2506 τοὺς
452 2446 481 2499 δὲ
499 2445 649 2506 ἀντιδίκους
666 2445 725 2502 τότε
741 2441 860 2518 μάλιστα
879 2451 1001 2503 τέλεονΡ
1019 2446 1080 2507 τοὺς
1097 2448 1126 2502 δὲ
1143 2466 1201 2503 αντ.
1223 2446 1256 2500 τά
1273 2465 1300 2501 τε
1316 2441 1436 2514 μάλιστα
1449 2466 1546 2514 τυπτη-

375 2517 437 2567 τέον
450 2516 507 2580 Sog,
528 2516 575 2567 τοῦ
598 2516 626 2569 δὲ
647 2513 784 2569 ἀντιδίκου
801 2514 859 2570 τότε
880 2509 1000 2586 μάλιστα
1022 2519 1117 2571 θετέον
1128 2518 1161 2584 Sp
1217 2519 1246 2570 13
1264 2507 1454 2584 εάδηίότερίΡ
1472 2514 1548 2582 εάδη-

375 2574 472 2651 λότερα
490 2585 548 2650 ch,
571 2580 760 2655 coepiscopali
791 2585 801 2654 11
829 2587 973 2654 χένηταιΡ
996 2603 1056 2639 corr
1072 2587 1102 2650 ll,
1127 2587 1225 2653 γένοιτ’
1243 2581 1279 2641 ἀν
1296 2587 1346 2650 Seg
1400 2586 1431 2636 14
1449 2597 1548 2654 συγχυ-

375 2650 542 2718 θήοονταιΡ
561 2654 664 2705 corrcsi

377 2793 454 2848 ἐστιν
472 2791 630 2864 ἀνθρώπιον
647 2794 681 2845 τὰ
699 2790 806 2864 πονηρά
824 2787 955 2866 πράττειν
972 2796 1017 2846 καί
1032 2791 1073 2880 μῆ
1085 2794 1241 2865 φροντίζειν
1251 2791 1455 2864 ἐπιορκοῦντας·
1474 2787 1549 2850 ὅστις

375 2865 706 3014 ονε,
722 2850 1242 2998 ,λεοντείου,ίεείίί
1260 2861 1550 3000 ξεινίοισι

378 3001 475 3050 traditu
487 3001 598 3050 lectione
615 3016 685 3066 μετα
704 2997 735 3050 τά
750 2997 849 3067 ἰσχυρά
861 3001 1010 3066 recepimus,
1029 3001 1087 3067 quis
1098 3006 1269 3066 prssccptuis,
1287 3005 1316 3049 ul
1328 2997 1396 3048 levis
1409 3006 1467 3064 post
1478 2998 1549 3048 iirms

378 3076 513 3134 ponuntur,
536 3069 558 3118 si
582 3068 628 3118 ills
652 3083 730 3133 psucs
752 3068 815 3118 hsce
831 3069 910 3134 :pluro
927 3071 989 3132 siut,
1011 3070 1146 3134 genuinum
1164 3083 1220 3120 esse
1239 3066 1311 3118 uobis
1329 3068 1483 3132 persusdcre
1500 3083 1549 3116 uou

396 3153 519 3188 cosumus.
555 3151 610 3186 cum
624 3138 689 3187 euim
702 3137 821 3201 Neocles,
838 3137 861 3187 si
875 3153 950 3187 unum
962 3137 1059 3187 lirnium
1071 3138 1106 3187 sit
1118 3144 1144 3187 ct
1156 3137 1181 3187 ir
1194 3150 1317 3199 maguum,
1335 3136 1382 3185 hoc
1395 3135 1484 3198 (lividi,
1501 3151 1549 3201 quo

379 3154 438 3256 1οιιε
451 3206 476 3254 iu
489 3205 572 3256 medio
585 3204 734 3268 collocetur,
752 3213 837 3270 etque,
855 3205 878 3256 si
890 3207 938 3256 hoc
950 3206 1008 3256 lieri
1020 3221 1068 3255 uon
1081 3205 1171 3271 possit,
1187 3205 1244 3255 leue
1258 3203 1329 3254 firmo
1342 3204 1441 3254 sutcirs
1454 3204 1548 3266 iubent,

379 3275 483 3324 eundem
502 3281 531 3324 ut
549 3273 616 3323 slios
633 3275 751 3324 rhetores
770 3289 868 3339 sempor
887 3275 999 3326 firmiore
1019 3274 1135 3324 ultimum
1147 3274 1230 3324 locum
1243 3278 1331 3322 teucro
1344 3271 1459 3322 voluisse
1471 3273 1549 3322 uultu

379 3342 538 3408 probabilius
561 3348 607 3391 ost.
644 3341 676 3392 ci.
695 3340 817 3406 [ἰοῖσίν
839 3342 868 3392 12
881 3359 907 3395 ιι
931 3345 1076 3408 pomerium
1097 3345 1173 3392 oliam
1195 3343 1375 3408 potentissima
1395 3343 1551 3408 argumenta

376 3413 494 3476 μτιῑοιοτιο
509 3408 625 3476 ponenda
641 3412 694 3460 sint
706 3409 760 3460 ίοοο
773 3447 778 3459 .
793 3447 798 3459 .
817 3426 852 3459 οτι
862 3426 980 3462 ευοιοιο.
997 3449 1003 3461 .
1021 3426 1055 3460 οτι
1067 3413 1163 3477 partita
1172 3413 1255 3477 primo
1266 3424 1416 3474 ειτυιοιοηιω
1428 3445 1433 3457 .
1447 3427 1471 3457 ..·
1488 3425 1551 3474 quac

378 3483 455 3545 μτουί
472 3480 540 3530 ratio
552 3493 644 3528 τουτον
654 3481 773 3544 uocesque
783 3478 927 3546 postulabit,
945 3477 1138 3542 ordinabuntur,
1156 3493 1214 3541 ιιοο,
1231 3481 1261 3528 ut
1271 3493 1318 3542 rgo
1328 3492 1423 3536 cenoso.
1441 3481 1549 3543 soeosplo,

380 3562 411 3596 ατ
428 3563 444 3596 a
459 3548 647 3612 potentissimis
664 3547 699 3597 οιί
713 3547 842 3598 ίεοίετίτιιο
860 3547 984 3598 decrescat
1000 3548 1091 3598 oratio.
1121 3547 1205 3598 Schol.
1219 3546 1287 3596 llem.
1300 3546 1338 3596 cd.
1352 3545 1426 3596 lliul.
1438 3561 1462 3611 p.
1475 3545 1550 3598 545⁸

380 3611 424 3674 (ci.
442 3630 465 3680 p.
478 3615 527 3664 640
540 3630 575 3677 τι,
593 3615 642 3666 642
657 3617 681 3677 υ)
703 3614 818 3681 τετραχῆ
841 3613 869 3665 δί
891 3614 970 3668 διεῖλε
991 3610 1022 3664 sol
1044 3613 1198 3696 ἰμκίῆματα
1216 3613 1364 3676 (liidiuuse)
1381 3615 1427 3664 καί
1443 3614 1551 3684 πρῶτον

379 3680 431 3750 μέν
447 3677 479 3733 τά
497 3679 652 3752 σαθρότερα
670 3684 827 3753 προέταξεν,
845 3681 903 3735 εἶτα
919 3681 951 3734 τά
965 3685 1131 3752 ἰσχοροτερα,
1149 3684 1195 3734 καὶ
1207 3678 1341 3752 τρίτοντά
1354 3680 1448 3748 σαθρὰ
1460 3677 1551 3745 πάλιν,

380 3751 425 3802 καί
443 3753 575 3820 τέταρτον
591 3745 623 3802 τά
640 3744 754 3817 ἰσχυρά·
781 3750 826 3803 δεῖ
859 3747 902 3822 ἀρ,
922 3754 946 3804 εἰ
961 3750 1011 3818 μὲν
1026 3752 1112 3802 πλείω
1124 3753 1164 3817 εἰη
1176 3749 1208 3802 τά
1222 3746 1321 3820 ἰσχυρά
1335 3751 1381 3800 καί
1392 3747 1423 3802 ἓν
1435 3745 1552 3815 σαθρόν,

380 3819 468 3886 μέσον
484 3821 589 3870 τιθέναι
606 3815 636 3869 τὸ
649 3810 762 3886 σαθρόν,
781 3822 806 3871 εἰ
823 3769 859 3872 δέ
869 3821 916 3870 loc
934 3817 988 3870 είεν
998 3814 1030 3870 τά
1040 3836 1067 3871 τε
1079 3816 1177 3890 ἰσχυρὰ
1190 3820 1236 3870 καί
1247 3815 1280 3869 τὰ
1294 3815 1396 3888 σαθρά,
1414 3812 1552 3886 ἀρχεοθαι

380 3885 431 3954 μὲν
456 3882 515 3938 ἀπὸ
543 3888 598 3940 τῶν
623 3890 810 3958 σαθροτέρων,
837 3889 961 3940 τελευτάν
986 3885 1016 3940 δὲ
1040 3890 1077 3944 εἰς
1101 3884 1133 3940 τά
1161 3879 1331 3955 ἰσχυρότερα.
1372 3887 1461 3952 Apsin.
1488 3886 1521 3952 Sp
1543 3885 1552 3937 l

382 3956 429 4006 311
444 3973 470 4010 so
483 3952 538 4026 χρὴ
557 3953 586 4007 δὲ
602 3951 649 4012 τάς
666 3953 863 4024 ἀσθενεστέρας
879 3947 967 4012 λύσεις
984 3957 1119 4026 προτέρας
1136 3959 1252 4020 τιθέναι,
1269 3953 1317 4011 τάς
1333 3952 1362 4006 δέ
1378 3956 1553 4027 ἰσχυροτέρας

381 4023 518 4091 δευτέρας·
546 4025 570 4076 εἰ
590 4021 643 4092 γὰρ
666 4026 696 4075 αἱ
713 4021 889 4094 ἰσχυρότεραι
905 4021 1038 4092 πρότεραι
1054 4028 1164 4089 τεθεῖεν,
1187 4018 1274 4076 οὐκέτι
1286 4019 1383 4093 χώραν
1399 4021 1506 4082 ἕξουσιν
1523 4023 1553 4073 αἰ

382 4086 585 4163 ἀσθενέστεραι.
622 4091 736 4163 ὥσπερ
757 4095 812 4145 καί
835 4087 888 4159 (ὁ)
912 4095 1134 4160 Δημοσθένης
1156 4093 1225 4144 Prol.
1248 4093 1278 4142 dc
1297 4093 1360 4144 Stet
1379 4091 1412 4141 W
1432 4091 1476 4142 Vll
1494 4091 1552 4145 172

382 4160 527 4228 οἰκονομία
549 4159 579 4212 δὲ
596 4157 612 4223 ή
631 4157 700 4228 πρὸς
717 4157 746 4212 τὸ
766 4178 801 4212 ου
823 4163 862 4230 φέ
877 4177 909 4212 ον
925 4163 979 4214 τῶν
994 4164 1150 4230 κεφαλαίων
1167 4152 1303 4228 ίναλίαχή,
1321 4155 1356 4217 ἀς
1372 4159 1554 4228 Δημοσθένης

385 4227 415 4282 έν
432 4227 469 4296 τῷ
486 4232 551 4297 περὶ
568 4233 617 4279 τοῦ
635 4226 778 4297 στεφάνου,
795 4179 842 4282 έίτε
873 4228 889 4292 ὴ
906 4227 975 4281 κατὰ
993 4227 1022 4279 τὸ
1041 4226 1161 4296 νόμιμον
1178 4224 1290 4291 ῆσθένει
1309 4228 1381 4308 geel>
1400 4226 1501 4297 ἔρρωτο
1516 4229 1552 4294 τῷ

382 4296 488 4364 δικαίηι,
505 4289 640 4368 προδταξε
656 4298 708 4366 μέν
725 4295 756 4348 τὸ
776 4296 891 4361 δίκαιον,
912 4299 951 4354 εἰς
969 4291 1019 4350 δύο
1038 4296 1144 4363 διελών,
1164 4296 1222 4350 εἶτα
1240 4292 1270 4348 τὸ
1285 4312 1413 4365 νομιμον,
1431 4298 1477 4348 καί
1493 4295 1551 4365 μετ’

383 4359 450 4415 αὐτὸ
474 4361 559 4418 πάλιν
581 4365 611 4417 τὸ
628 4364 746 4418 δίκαιον·
772 4367 818 4417 καί
839 4367 871 4437 τῆ
891 4365 937 4417 τοῦ
955 4364 1059 4418 δικαίου
1076 4364 1242 4436 ἑκατέρωθεν
1258 4369 1371 4432 βοηθείᾳ
1389 4362 1420 4416 τὸ
1438 4360 1553 4422 ἀσθενὲς

383 4434 431 4484 τοῦ
448 4439 567 4502 νομίμου
584 4437 740 4506 κατέκρυψε
777 4433 808 4485 ci.
827 4435 942 4486 Marcell.
956 4433 990 4486 W
1002 4433 1035 4486 IV
1050 4435 1098 4485 714
1112 4451 1146 4500 ιι,
1164 4434 1298 4503 Syriarum
1313 4433 1347 4486 W
1359 4433 1392 4487 lv
1411 4434 1460 4484 725
1474 4449 1494 4488 s.
